
<record>
  <leader>02333cam a22002777i 4500</leader>
  <controlfield tag="001">19489975</controlfield>
  <controlfield tag="005">20200103151040.0</controlfield>
  <controlfield tag="008">170127s2016    be            000 0 dut  </controlfield>
  <datafield tag="906" ind1=" " ind2=" ">
    <subfield code="a">7</subfield>
    <subfield code="b">cbc</subfield>
    <subfield code="c">origres</subfield>
    <subfield code="d">3</subfield>
    <subfield code="e">ncip</subfield>
    <subfield code="f">20</subfield>
    <subfield code="g">y-gencatlg</subfield>
  </datafield>
  <datafield tag="925" ind1="0" ind2=" ">
    <subfield code="a">acquire</subfield>
    <subfield code="b">1 shelf copy</subfield>
    <subfield code="x">policy default</subfield>
  </datafield>
  <datafield tag="955" ind1=" " ind2=" ">
    <subfield code="b">bd33 2017-04-26</subfield>
    <subfield code="b">bc12 2018-07-11 z-processor (telework)</subfield>
    <subfield code="i">bc12 2018-08-20 (telework)</subfield>
  </datafield>
  <datafield tag="010" ind1=" " ind2=" ">
    <subfield code="a">  2016489012</subfield>
  </datafield>
  <datafield tag="020" ind1=" " ind2=" ">
    <subfield code="a">9789492339195</subfield>
  </datafield>
  <datafield tag="020" ind1=" " ind2=" ">
    <subfield code="a">9492339196</subfield>
  </datafield>
  <datafield tag="040" ind1=" " ind2=" ">
    <subfield code="a">DLC</subfield>
    <subfield code="b">eng</subfield>
    <subfield code="e">rda</subfield>
    <subfield code="c">DLC</subfield>
  </datafield>
  <datafield tag="050" ind1="0" ind2="0">
    <subfield code="a">PT6466.12.R4</subfield>
    <subfield code="b">K73 2016</subfield>
  </datafield>
  <datafield tag="100" ind1="1" ind2=" ">
    <subfield code="a">Bremt, Stefaan van den.</subfield>
  </datafield>
  <datafield tag="245" ind1="1" ind2="0">
    <subfield code="a">Krabbengang :</subfield>
    <subfield code="b">bloemlezing uit eigen werk (1968-2016) Ingeleid door Disrk de Geest /</subfield>
    <subfield code="c">Stefaan van den Bremt.</subfield>
  </datafield>
  <datafield tag="264" ind1=" " ind2="1">
    <subfield code="a">Leuven :</subfield>
    <subfield code="b">Uitgeverij P,</subfield>
    <subfield code="c">2017.</subfield>
  </datafield>
  <datafield tag="300" ind1=" " ind2=" ">
    <subfield code="a">185 pages ;</subfield>
    <subfield code="c">22 cm.</subfield>
  </datafield>
  <datafield tag="336" ind1=" " ind2=" ">
    <subfield code="a">text</subfield>
    <subfield code="b">txt</subfield>
    <subfield code="2">rdacontent</subfield>
  </datafield>
  <datafield tag="337" ind1=" " ind2=" ">
    <subfield code="a">unmediated</subfield>
    <subfield code="b">n</subfield>
    <subfield code="2">rdamedia</subfield>
  </datafield>
  <datafield tag="338" ind1=" " ind2=" ">
    <subfield code="a">volume</subfield>
    <subfield code="b">nc</subfield>
    <subfield code="2">rdacarrier</subfield>
  </datafield>
  <datafield tag="520" ind1="8" ind2=" ">
    <subfield code="a">Stefaan van den Bremt verdient zijn eervolle plaats in de Parnassusreeks: &apos;Krabbengang&apos; brengt een selectie uit maar liefst 17 bundels en 48 jaar poëzie. Thematisch en vormelijk evolueert het werk constant. In zijn beginjaren verwierf hij een reputatie als politiek en sociaal geëngageerd dichter, rond de eeuwwisseling kwam het accent meer te liggen op de ik-gerichte gedichten. In weloverwogen woorden geeft hij een brede kijk op zijn persoonlijke herinneringen en lees- en kijkervaringen. 00Met heldere taal vangt Van den Bremt het ongrijpbare in verrassende beelden. De dichter presenteert de verhouding tussen de versimpelde weergave van de werkelijkheid en de complexiteit van die werkelijkheid zelf. Met een verhelderende inleiding door prof.dr. Dirk de Geest. 00Stefaan van den Bremt (Aalst, 1941) debuteerde als dichter in 1968 met de dichtbundel &apos;Sextant&apos; onder het pseudoniem Stevi Braem en kreeg daarvoor de prijs voor het beste literaire debuut. Hij publiceerde tot nog toe meer dan veertig poëzietitels, waaronder zowel eigen bundels als vertalingen uit het Frans (o.m. Verhaeren en Maeterlinck), Spaans (o.m. Paz en Neruda), en Duits (Brecht en Kafka). Zijn werk leverde hem vele prijzen op: zo ontving hij de L.P. Boonprijs voor zijn hele œuvre, de Koopalbeurs voor letterkunde voor zijn vertaalwerk, en de internationale Poëzieprijs Zacatecas in Mexico.</subfield>
  </datafield>
  <datafield tag="923" ind1=" " ind2=" ">
    <subfield code="d">20170127</subfield>
    <subfield code="n">70002235</subfield>
    <subfield code="s">Erasmus</subfield>
  </datafield>
  <datafield tag="985" ind1=" " ind2=" ">
    <subfield code="e">VENDOR LOAD</subfield>
  </datafield>
</record>