
<record>
  <leader>01706cam a22002897i 4500</leader>
  <controlfield tag="001">19489976</controlfield>
  <controlfield tag="005">20200103104834.0</controlfield>
  <controlfield tag="008">170111s2017    be            000 0 dut  </controlfield>
  <datafield tag="906" ind1=" " ind2=" ">
    <subfield code="a">7</subfield>
    <subfield code="b">cbc</subfield>
    <subfield code="c">origres</subfield>
    <subfield code="d">3</subfield>
    <subfield code="e">ncip</subfield>
    <subfield code="f">20</subfield>
    <subfield code="g">y-gencatlg</subfield>
  </datafield>
  <datafield tag="923" ind1=" " ind2=" ">
    <subfield code="d">20170127</subfield>
    <subfield code="n">70002235</subfield>
    <subfield code="s">Erasmus</subfield>
  </datafield>
  <datafield tag="925" ind1="0" ind2=" ">
    <subfield code="a">acquire</subfield>
    <subfield code="b">1 shelf copy</subfield>
    <subfield code="x">policy default</subfield>
  </datafield>
  <datafield tag="955" ind1=" " ind2=" ">
    <subfield code="b">bd33 2017-04-26</subfield>
    <subfield code="b">bc12 2018-07-09 z-processor (telework)</subfield>
    <subfield code="i">bc12 2018-08-20 (telework)</subfield>
    <subfield code="a">bc12 2019-01-15 (NAP correction)</subfield>
    <subfield code="a">bd05 2020-01-03 correction of 100 to match NAR</subfield>
  </datafield>
  <datafield tag="010" ind1=" " ind2=" ">
    <subfield code="a">  2016489013</subfield>
  </datafield>
  <datafield tag="020" ind1=" " ind2=" ">
    <subfield code="a">9789056550769</subfield>
  </datafield>
  <datafield tag="020" ind1=" " ind2=" ">
    <subfield code="a">9056550764</subfield>
  </datafield>
  <datafield tag="040" ind1=" " ind2=" ">
    <subfield code="a">DLC</subfield>
    <subfield code="b">eng</subfield>
    <subfield code="e">rda</subfield>
    <subfield code="c">DLC</subfield>
    <subfield code="d">DLC</subfield>
  </datafield>
  <datafield tag="042" ind1=" " ind2=" ">
    <subfield code="a">pcc</subfield>
  </datafield>
  <datafield tag="050" ind1="0" ind2="0">
    <subfield code="a">PT5881.13.A82</subfield>
    <subfield code="b">V36 2017</subfield>
  </datafield>
  <datafield tag="100" ind1="1" ind2=" ">
    <subfield code="a">Casteleyn, Dimitri,</subfield>
    <subfield code="d">1966-</subfield>
  </datafield>
  <datafield tag="245" ind1="1" ind2="0">
    <subfield code="a">Vanwaar kom je beeld.</subfield>
    <subfield code="c">Dimitri Casteleyn.</subfield>
  </datafield>
  <datafield tag="264" ind1=" " ind2="1">
    <subfield code="a">Gent :</subfield>
    <subfield code="b">Poëziecentrum vzw</subfield>
    <subfield code="c">2017.</subfield>
  </datafield>
  <datafield tag="300" ind1=" " ind2=" ">
    <subfield code="a">64 pages ;</subfield>
    <subfield code="c">20 cm.</subfield>
  </datafield>
  <datafield tag="336" ind1=" " ind2=" ">
    <subfield code="a">text</subfield>
    <subfield code="b">txt</subfield>
    <subfield code="2">rdacontent</subfield>
  </datafield>
  <datafield tag="337" ind1=" " ind2=" ">
    <subfield code="a">unmediated</subfield>
    <subfield code="b">n</subfield>
    <subfield code="2">rdamedia</subfield>
  </datafield>
  <datafield tag="338" ind1=" " ind2=" ">
    <subfield code="a">volume</subfield>
    <subfield code="b">nc</subfield>
    <subfield code="2">rdacarrier</subfield>
  </datafield>
  <datafield tag="520" ind1="8" ind2=" ">
    <subfield code="a">In &quot;Vanwaar kom je beeld&quot; filosofeert Dimitri Casteleyn over de raakvlakken tussen identiteit en imago, tussen zijn en schijn, tussen wij en de Ander. Soepele, sarcastische en strijdvaardige poëzie. Gedichten met een heel eigen geluid en toon, die vaak verrassen. 0Dimitri Casteleyn (1966) publiceerde eerder poëzie in &apos;Dietsche Warande &amp; Belfort&apos;, &apos;Het Liegend Konijn&apos;, &apos;Lava Literair&apos;, &apos;Poëziekrant&apos;, &apos;Revolver&apos;, &apos;Vlaanderen&apos; en in de &apos;Standaard der Letteren&apos;. Hij is dichter, schrijver en televisiemaker en is verbonden aan Theater Malpertuis. Hij publiceerde eerder de dichtbundel &apos;Omgekeerd&apos;, de romans &apos;Witte warmte&apos; en &apos;De verjaardag&apos; en de filosofische verhalenbundel &apos;Een mooie verrassing&apos;.</subfield>
  </datafield>
  <datafield tag="985" ind1=" " ind2=" ">
    <subfield code="e">VENDOR LOAD</subfield>
  </datafield>
</record>