
<record>
  <leader>01879cam a22003017i 4500</leader>
  <controlfield tag="001">19490003</controlfield>
  <controlfield tag="005">20200103151041.0</controlfield>
  <controlfield tag="008">161209s2016    be            000 p dut  </controlfield>
  <datafield tag="906" ind1=" " ind2=" ">
    <subfield code="a">7</subfield>
    <subfield code="b">cbc</subfield>
    <subfield code="c">origres</subfield>
    <subfield code="d">3</subfield>
    <subfield code="e">ncip</subfield>
    <subfield code="f">20</subfield>
    <subfield code="g">y-gencatlg</subfield>
  </datafield>
  <datafield tag="925" ind1="0" ind2=" ">
    <subfield code="a">acquire</subfield>
    <subfield code="b">1 shelf copy</subfield>
    <subfield code="x">policy default</subfield>
  </datafield>
  <datafield tag="955" ind1=" " ind2=" ">
    <subfield code="b">bd33 2017-05-04</subfield>
    <subfield code="b">bc12 2018-07-09 z-processor (telework)</subfield>
    <subfield code="i">bc12 2018-08-22 ( telework)</subfield>
  </datafield>
  <datafield tag="010" ind1=" " ind2=" ">
    <subfield code="a">  2016489020</subfield>
  </datafield>
  <datafield tag="020" ind1=" " ind2=" ">
    <subfield code="a">9789056554460</subfield>
    <subfield code="q">(paperback)</subfield>
  </datafield>
  <datafield tag="020" ind1=" " ind2=" ">
    <subfield code="a">9056554468</subfield>
    <subfield code="q">(paperback)</subfield>
  </datafield>
  <datafield tag="040" ind1=" " ind2=" ">
    <subfield code="a">DLC</subfield>
    <subfield code="b">eng</subfield>
    <subfield code="e">rda</subfield>
    <subfield code="c">DLC</subfield>
  </datafield>
  <datafield tag="050" ind1="0" ind2="0">
    <subfield code="a">PT5881.3.R55</subfield>
    <subfield code="b">A6 2016</subfield>
  </datafield>
  <datafield tag="100" ind1="1" ind2=" ">
    <subfield code="a">Troch, David,</subfield>
    <subfield code="e">author.</subfield>
  </datafield>
  <datafield tag="240" ind1="1" ind2="0">
    <subfield code="a">Poems.</subfield>
    <subfield code="k">Selections</subfield>
  </datafield>
  <datafield tag="245" ind1="1" ind2="4">
    <subfield code="a">Een geweldige liefde :</subfield>
    <subfield code="b">stads gedichten, 2014-2016 /</subfield>
    <subfield code="c">David Troch.</subfield>
  </datafield>
  <datafield tag="264" ind1=" " ind2="1">
    <subfield code="a">Gent :</subfield>
    <subfield code="b">PoëzieCentrum,</subfield>
    <subfield code="c">[2016]</subfield>
  </datafield>
  <datafield tag="264" ind1=" " ind2="4">
    <subfield code="a">©2016.</subfield>
  </datafield>
  <datafield tag="300" ind1=" " ind2=" ">
    <subfield code="a">47 pages ;</subfield>
    <subfield code="c">21 cm</subfield>
  </datafield>
  <datafield tag="336" ind1=" " ind2=" ">
    <subfield code="a">text</subfield>
    <subfield code="b">txt</subfield>
    <subfield code="2">rdacontent</subfield>
  </datafield>
  <datafield tag="337" ind1=" " ind2=" ">
    <subfield code="a">unmediated</subfield>
    <subfield code="b">n</subfield>
    <subfield code="2">rdamedia</subfield>
  </datafield>
  <datafield tag="338" ind1=" " ind2=" ">
    <subfield code="a">volume</subfield>
    <subfield code="b">nc</subfield>
    <subfield code="2">rdacarrier</subfield>
  </datafield>
  <datafield tag="520" ind1="8" ind2=" ">
    <subfield code="a">Twaalf gedichten moest hij hebben aan het eind van zijn twee jaar durende ambtstermijn als stadsdichter van Gent. Het werden er twintig. Dat wil zeggen: officiële. Stiekem schreef David Troch er meer. &apos;Een geweldige liefde&apos; is een neerslag van dat poëtisch enthousiasme. De titel is ontleend aan zijn eerste stadsgedicht: &apos;Gent en ik&apos;. Troch riep alle Gentenaars op het te vertalen in zoveel mogelijk talen die in de stad te horen zijn. Het maakte meteen duidelijk dat hij het niet bij schrijven zou houden. Hij sprong geregeld de fiets op om de poëzie aan de mens te brengen. Zo ontmoette hij Gentenaars van divers pluimage. Divers, dat zijn ook de gedichten. Twee sonnetten, een poetry slam tekst, en zelfs een lied. David Troch debuteerde met de dichtbundel &apos;Laat[avond]taal&apos;. Het openingsgedicht uit &apos;Buiten westen&apos; won de Herman de Coninckpublieksprijs voor beste gedicht.</subfield>
  </datafield>
  <datafield tag="923" ind1=" " ind2=" ">
    <subfield code="d">20170127</subfield>
    <subfield code="n">70002235</subfield>
    <subfield code="s">Erasmus</subfield>
  </datafield>
  <datafield tag="985" ind1=" " ind2=" ">
    <subfield code="e">VENDOR LOAD</subfield>
  </datafield>
</record>