
<record>
  <leader>03153cam a22004577i 4500</leader>
  <controlfield tag="001">19490022</controlfield>
  <controlfield tag="005">20200103151041.0</controlfield>
  <controlfield tag="008">161130t20162016be a     b    000 pddut  </controlfield>
  <datafield tag="906" ind1=" " ind2=" ">
    <subfield code="a">7</subfield>
    <subfield code="b">cbc</subfield>
    <subfield code="c">origres</subfield>
    <subfield code="d">3</subfield>
    <subfield code="e">ncip</subfield>
    <subfield code="f">20</subfield>
    <subfield code="g">y-gencatlg</subfield>
  </datafield>
  <datafield tag="925" ind1="0" ind2=" ">
    <subfield code="a">acquire</subfield>
    <subfield code="b">1 shelf copy</subfield>
    <subfield code="x">policy default</subfield>
  </datafield>
  <datafield tag="955" ind1=" " ind2=" ">
    <subfield code="b">BD25 2017-05-04</subfield>
    <subfield code="b">bc12 2018-07-23 z-processor (telework)</subfield>
    <subfield code="i">bc12 2018-09-05 (telework)</subfield>
    <subfield code="e">bc12 2018-09-11 to BCCD (ABACheck &amp; Labeled)</subfield>
  </datafield>
  <datafield tag="010" ind1=" " ind2=" ">
    <subfield code="a">  2016489206</subfield>
  </datafield>
  <datafield tag="020" ind1=" " ind2=" ">
    <subfield code="a">9789072474964</subfield>
    <subfield code="q">(hardback)</subfield>
  </datafield>
  <datafield tag="020" ind1=" " ind2=" ">
    <subfield code="a">9072474961</subfield>
    <subfield code="q">(hardback)</subfield>
  </datafield>
  <datafield tag="040" ind1=" " ind2=" ">
    <subfield code="a">DLC</subfield>
    <subfield code="b">eng</subfield>
    <subfield code="e">rda</subfield>
    <subfield code="c">DLC</subfield>
  </datafield>
  <datafield tag="041" ind1="1" ind2=" ">
    <subfield code="a">dut</subfield>
    <subfield code="a">frm</subfield>
    <subfield code="b">eng</subfield>
    <subfield code="h">frm</subfield>
  </datafield>
  <datafield tag="050" ind1="0" ind2="0">
    <subfield code="a">PQ1627.H384</subfield>
    <subfield code="b">L83 2016</subfield>
  </datafield>
  <datafield tag="100" ind1="1" ind2=" ">
    <subfield code="a">Heere, Lucas de,</subfield>
    <subfield code="d">1534-1584,</subfield>
    <subfield code="e">author.</subfield>
  </datafield>
  <datafield tag="245" ind1="1" ind2="0">
    <subfield code="a">Lucas d&apos;Heere Tableau poetique :</subfield>
    <subfield code="b">verzen van een Vlaamse migrant-kunstenaar voor de entourage van de Seymours op Wolf Hall /</subfield>
    <subfield code="c">uitgegeven door Frederica Van Dam en Werner Waterschoot.</subfield>
  </datafield>
  <datafield tag="264" ind1=" " ind2="1">
    <subfield code="a">Gent :</subfield>
    <subfield code="b">Koninklijke Academie voor Nederlandse Taal- en Letterkunde,</subfield>
    <subfield code="c">2016.</subfield>
  </datafield>
  <datafield tag="264" ind1=" " ind2="4">
    <subfield code="c">©2016</subfield>
  </datafield>
  <datafield tag="300" ind1=" " ind2=" ">
    <subfield code="a">viii, 320 pages :</subfield>
    <subfield code="b">illustrations (some color) ;</subfield>
    <subfield code="c">25 cm.</subfield>
  </datafield>
  <datafield tag="336" ind1=" " ind2=" ">
    <subfield code="a">text</subfield>
    <subfield code="b">txt</subfield>
    <subfield code="2">rdacontent</subfield>
  </datafield>
  <datafield tag="336" ind1=" " ind2=" ">
    <subfield code="a">still image</subfield>
    <subfield code="b">sti</subfield>
    <subfield code="2">rdacontent</subfield>
  </datafield>
  <datafield tag="337" ind1=" " ind2=" ">
    <subfield code="a">unmediated</subfield>
    <subfield code="b">n</subfield>
    <subfield code="2">rdamedia</subfield>
  </datafield>
  <datafield tag="338" ind1=" " ind2=" ">
    <subfield code="a">volume</subfield>
    <subfield code="b">nc</subfield>
    <subfield code="2">rdacarrier</subfield>
  </datafield>
  <datafield tag="490" ind1="1" ind2=" ">
    <subfield code="a">Studies op het gebied van de cultuur in de Nederlanden ;</subfield>
    <subfield code="v">7</subfield>
  </datafield>
  <datafield tag="546" ind1=" " ind2=" ">
    <subfield code="a">In Dutch; with a summary in English. The original text in French with parallel translation in Dutch.</subfield>
  </datafield>
  <datafield tag="504" ind1=" " ind2=" ">
    <subfield code="a">Includes bibliographical references (pages [277]-286).</subfield>
  </datafield>
  <datafield tag="520" ind1="8" ind2=" ">
    <subfield code="a">&quot;&apos;Tableau Poetique&apos; is een tot voor kort onbekende tekst van de Gentse schilder-dichter Lucas d&apos;Heere (1534-1584). Recent werd hij echter in een Engelse adellijke bibliotheek herontdekt door Frederica Van Dam. Het unieke handschrift bevat een reeks Franse gedichten, hoofdzakelijk sonnetten, gericht tot leden van de Engelse politieke elite in de periode 1569-1572. De collectie is zowel historisch als literair uiterst belangrijk. D&apos;Heere blijkt in de hoogste Engelse kringen veel nadrukkelijker werkzaam geweest te zijn dan tot nu toe werd vermoed. Zijn politieke rol in de Nederlandse Opstand moet dan ook geherwaardeerd worden. In deze uitgave situeert Frederica Van Dam de dichtende schilder Lucas d&apos;Heere in het zestiende-eeuwse Engeland, daarna volgt een geannoteerde teksteditie van het volledige handschrift door Werner Waterschoot. &apos;Tableau Poetique&apos;, dat een onmisbare schakel vormt in de evolutie van het sonnet als dichtvorm binnen de Nederlandse literatuur, wordt met deze uitgave voor het eerst beschikbaar gemaakt.&quot;--Back cover.</subfield>
  </datafield>
  <datafield tag="600" ind1="1" ind2="0">
    <subfield code="a">Heere, Lucas de,</subfield>
    <subfield code="d">1534-1584.</subfield>
  </datafield>
  <datafield tag="650" ind1=" " ind2="0">
    <subfield code="a">Belgian poetry (French)</subfield>
    <subfield code="y">16th century.</subfield>
  </datafield>
  <datafield tag="650" ind1=" " ind2="0">
    <subfield code="a">Belgian poetry (French)</subfield>
    <subfield code="y">16th century</subfield>
    <subfield code="x">Translations.</subfield>
  </datafield>
  <datafield tag="700" ind1="1" ind2=" ">
    <subfield code="a">Van Dam, Frederica,</subfield>
    <subfield code="e">editor.</subfield>
  </datafield>
  <datafield tag="700" ind1="1" ind2=" ">
    <subfield code="a">Waterschoot, W.,</subfield>
    <subfield code="e">editor.</subfield>
  </datafield>
  <datafield tag="700" ind1="1" ind2="2">
    <subfield code="a">Heere, Lucas de,</subfield>
    <subfield code="d">1534-1584.</subfield>
    <subfield code="t">Tableau Poetique.</subfield>
    <subfield code="i">Translation of:</subfield>
  </datafield>
  <datafield tag="700" ind1="1" ind2="2">
    <subfield code="a">Heere, Lucas de,</subfield>
    <subfield code="d">1534-1584.</subfield>
    <subfield code="t">Tableau Poetique.</subfield>
    <subfield code="l">Middle French.</subfield>
    <subfield code="i">Translation of:</subfield>
  </datafield>
  <datafield tag="740" ind1="0" ind2=" ">
    <subfield code="a">Tableau Poetique.</subfield>
  </datafield>
  <datafield tag="830" ind1=" " ind2="0">
    <subfield code="a">Reeks Studies op het gebied van de cultuur in de Nederlanden ;</subfield>
    <subfield code="v">7.</subfield>
  </datafield>
  <datafield tag="923" ind1=" " ind2=" ">
    <subfield code="d">20170127</subfield>
    <subfield code="n">70002237</subfield>
    <subfield code="s">Erasmus</subfield>
  </datafield>
  <datafield tag="985" ind1=" " ind2=" ">
    <subfield code="e">VENDOR LOAD</subfield>
  </datafield>
</record>