
<record>
  <leader>03308cam a22004337i 4500</leader>
  <controlfield tag="001">19490036</controlfield>
  <controlfield tag="005">20200103151041.0</controlfield>
  <controlfield tag="008">161121s2016    be a          000 0 dut c</controlfield>
  <datafield tag="906" ind1=" " ind2=" ">
    <subfield code="a">7</subfield>
    <subfield code="b">cbc</subfield>
    <subfield code="c">pccadap</subfield>
    <subfield code="d">3</subfield>
    <subfield code="e">ncip</subfield>
    <subfield code="f">20</subfield>
    <subfield code="g">y-gencatlg</subfield>
  </datafield>
  <datafield tag="925" ind1="0" ind2=" ">
    <subfield code="a">acquire</subfield>
    <subfield code="b">1 shelf copy</subfield>
    <subfield code="x">policy default</subfield>
  </datafield>
  <datafield tag="955" ind1=" " ind2=" ">
    <subfield code="b">BD25 2017-05-08</subfield>
    <subfield code="b">bc12 2018-07-30 z-processor (telework)</subfield>
    <subfield code="i">bc12 2018-09-19 (telework)</subfield>
    <subfield code="e">bc12 2018-09-25 to BCCD (ABACheck &amp; Labeled)</subfield>
  </datafield>
  <datafield tag="010" ind1=" " ind2=" ">
    <subfield code="a">  2017390210</subfield>
  </datafield>
  <datafield tag="020" ind1=" " ind2=" ">
    <subfield code="a">9789074311960</subfield>
  </datafield>
  <datafield tag="020" ind1=" " ind2=" ">
    <subfield code="a">9074311962</subfield>
  </datafield>
  <datafield tag="035" ind1=" " ind2=" ">
    <subfield code="a">(OCoLC)ocn967840968</subfield>
  </datafield>
  <datafield tag="040" ind1=" " ind2=" ">
    <subfield code="a">ERASA</subfield>
    <subfield code="b">eng</subfield>
    <subfield code="c">ERASA</subfield>
    <subfield code="e">rda</subfield>
    <subfield code="d">INU</subfield>
    <subfield code="d">OCLCF</subfield>
    <subfield code="d">QGK</subfield>
    <subfield code="d">OHX</subfield>
    <subfield code="d">CUY</subfield>
    <subfield code="d">DLC</subfield>
  </datafield>
  <datafield tag="041" ind1="0" ind2=" ">
    <subfield code="a">dut</subfield>
    <subfield code="a">fre</subfield>
    <subfield code="a">eng</subfield>
  </datafield>
  <datafield tag="050" ind1="0" ind2="0">
    <subfield code="a">ND673.E87</subfield>
    <subfield code="b">A63 2016</subfield>
  </datafield>
  <datafield tag="100" ind1="1" ind2=" ">
    <subfield code="a">Augustyniak, Anne-Sophie,</subfield>
    <subfield code="e">author.</subfield>
  </datafield>
  <datafield tag="245" ind1="1" ind2="0">
    <subfield code="a">Restauratie-Revelatie :</subfield>
    <subfield code="b">de buitenluiken van het Lam Gods = Restauration-révélation : les volets extérieurs de l&apos;Agneau mystique = Restoration-revelation : the exterior wings of the Ghent Altarpiece /</subfield>
    <subfield code="c">KIK-IRPA (red.) ; [authors, Anne-Sophie Augustyniak [and 13 others]) ; editing, Jochen Ketels and Simon Laevers].</subfield>
  </datafield>
  <datafield tag="246" ind1="3" ind2="1">
    <subfield code="a">Restauration-révélation :</subfield>
    <subfield code="b">Les volets extérieurs de &apos;l&apos;Agneau mystique&apos;</subfield>
  </datafield>
  <datafield tag="246" ind1="3" ind2="1">
    <subfield code="a">Restoration-revelation :</subfield>
    <subfield code="b">the exterior wings of the &apos;Ghent Altarpiece&apos;</subfield>
  </datafield>
  <datafield tag="264" ind1=" " ind2="1">
    <subfield code="a">Gent :</subfield>
    <subfield code="b">Provinciebestuur Oost-Vlaanderen,</subfield>
    <subfield code="c">2016.</subfield>
  </datafield>
  <datafield tag="300" ind1=" " ind2=" ">
    <subfield code="a">143 pages :</subfield>
    <subfield code="b">color illustrations ;</subfield>
    <subfield code="c">25 cm</subfield>
  </datafield>
  <datafield tag="336" ind1=" " ind2=" ">
    <subfield code="a">text</subfield>
    <subfield code="b">txt</subfield>
    <subfield code="2">rdacontent</subfield>
  </datafield>
  <datafield tag="336" ind1=" " ind2=" ">
    <subfield code="a">still image</subfield>
    <subfield code="b">sti</subfield>
    <subfield code="2">rdacontent</subfield>
  </datafield>
  <datafield tag="337" ind1=" " ind2=" ">
    <subfield code="a">unmediated</subfield>
    <subfield code="b">n</subfield>
    <subfield code="2">rdamedia</subfield>
  </datafield>
  <datafield tag="338" ind1=" " ind2=" ">
    <subfield code="a">volume</subfield>
    <subfield code="b">nc</subfield>
    <subfield code="2">rdacarrier</subfield>
  </datafield>
  <datafield tag="546" ind1=" " ind2=" ">
    <subfield code="a">Text in parallel Dutch, French and English.</subfield>
  </datafield>
  <datafield tag="500" ind1=" " ind2=" ">
    <subfield code="a">&quot;In conjunction with the Restoration/Revelation. The exterior wings of the Ghent Altarpiece exhibition at the Provincial Culture Center Caermersklooster, from October 12, 2016 till May 28, 2017&quot;--Colophon.</subfield>
  </datafield>
  <datafield tag="520" ind1="8" ind2=" ">
    <subfield code="a">In 2012 the restorers of the Royal Institute for Cultural Heritage (KIK-IRPA, Brussels) started treatment of the Ghent Altarpiece by the Van Eyck brothers. No one expected this restoration to turn into a revelation: the real Van Eyck proved to have been hidden underneath overpaint for centuries! The temporary exhibition restoration/revelation brings the tale of this spectacular intervention. An exploration journey through the old varnishes and overpaint, leading to the original work of Van Eyck. Unique images from before, during and after restoration address all your questions: how did the restorers proceed? What scientific techniques did they use to confirm their observations or discover new elements? And, most of all, in what way did the overpaint transform the art work and what does it look like now? The catalogue to the exhibition gives a good overview of the restoration project and process. Exhibition: Caermersklooster Provincial Cultural Centre, Ghent, Belgium (12.10.2016-28.05.2017).</subfield>
  </datafield>
  <datafield tag="600" ind1="1" ind2="0">
    <subfield code="a">Eyck, Jan van,</subfield>
    <subfield code="d">1390-1440.</subfield>
    <subfield code="t">Ghent altarpiece</subfield>
    <subfield code="v">Exhibitions.</subfield>
  </datafield>
  <datafield tag="650" ind1=" " ind2="0">
    <subfield code="a">Art</subfield>
    <subfield code="x">Conservation and restoration</subfield>
    <subfield code="z">Belgium</subfield>
    <subfield code="z">Ghent</subfield>
    <subfield code="v">Exhibitions.</subfield>
  </datafield>
  <datafield tag="700" ind1="1" ind2=" ">
    <subfield code="a">Ketels, Jochen,</subfield>
    <subfield code="e">editor.</subfield>
  </datafield>
  <datafield tag="700" ind1="1" ind2=" ">
    <subfield code="a">Laevers, Simon,</subfield>
    <subfield code="e">editor.</subfield>
  </datafield>
  <datafield tag="710" ind1="2" ind2=" ">
    <subfield code="a">Institut royal du patrimoine artistique (Belgium),</subfield>
    <subfield code="e">issuing body.</subfield>
  </datafield>
  <datafield tag="710" ind1="2" ind2=" ">
    <subfield code="a">Caermersklooster, Provinciaal Centrum voor Kunst en Cultuur (Ghent, Belgium),</subfield>
    <subfield code="e">host institution.</subfield>
  </datafield>
  <datafield tag="923" ind1=" " ind2=" ">
    <subfield code="d">20170127</subfield>
    <subfield code="n">70002239</subfield>
    <subfield code="s">Erasmus</subfield>
  </datafield>
  <datafield tag="985" ind1=" " ind2=" ">
    <subfield code="e">VENDOR LOAD</subfield>
  </datafield>
</record>