
<record>
  <leader>02255cam a22002897i 4500</leader>
  <controlfield tag="001">19490046</controlfield>
  <controlfield tag="005">20200103151042.0</controlfield>
  <controlfield tag="008">170127s2016    be a          000 0 dut  </controlfield>
  <datafield tag="906" ind1=" " ind2=" ">
    <subfield code="a">7</subfield>
    <subfield code="b">cbc</subfield>
    <subfield code="c">origres</subfield>
    <subfield code="d">3</subfield>
    <subfield code="e">ncip</subfield>
    <subfield code="f">20</subfield>
    <subfield code="g">y-gencatlg</subfield>
  </datafield>
  <datafield tag="925" ind1="0" ind2=" ">
    <subfield code="a">acquire</subfield>
    <subfield code="b">1 shelf copy</subfield>
    <subfield code="x">policy default</subfield>
  </datafield>
  <datafield tag="955" ind1=" " ind2=" ">
    <subfield code="b">bd33 2017-05-04</subfield>
    <subfield code="b">bc12 2018-07-30 z-processor (telework)</subfield>
    <subfield code="i">bc12 2018-09-19 (telework)</subfield>
    <subfield code="e">bc12 2018-09-25 to BCCD (ABACheck &amp; Labeled)</subfield>
  </datafield>
  <datafield tag="010" ind1=" " ind2=" ">
    <subfield code="a">  2016489027</subfield>
  </datafield>
  <datafield tag="020" ind1=" " ind2=" ">
    <subfield code="a">9789492339119</subfield>
  </datafield>
  <datafield tag="020" ind1=" " ind2=" ">
    <subfield code="a">9492339110</subfield>
  </datafield>
  <datafield tag="040" ind1=" " ind2=" ">
    <subfield code="a">DLC</subfield>
    <subfield code="b">eng</subfield>
    <subfield code="e">rda</subfield>
    <subfield code="c">DLC</subfield>
  </datafield>
  <datafield tag="050" ind1="0" ind2="0">
    <subfield code="a">NA6490</subfield>
    <subfield code="b">.C66 2016</subfield>
  </datafield>
  <datafield tag="100" ind1="1" ind2=" ">
    <subfield code="a">Cools, Achilles.</subfield>
  </datafield>
  <datafield tag="245" ind1="1" ind2="0">
    <subfield code="a">Tortel van oktober.</subfield>
    <subfield code="c">Achilles Cools.</subfield>
  </datafield>
  <datafield tag="264" ind1=" " ind2="1">
    <subfield code="a">Leuven :</subfield>
    <subfield code="b">Uitgeverij P.</subfield>
    <subfield code="c">[2016]</subfield>
  </datafield>
  <datafield tag="264" ind1=" " ind2="4">
    <subfield code="a">©2016.</subfield>
  </datafield>
  <datafield tag="300" ind1=" " ind2=" ">
    <subfield code="a">58 pages :</subfield>
    <subfield code="b">illustrations ;</subfield>
    <subfield code="c">20 cm.</subfield>
  </datafield>
  <datafield tag="336" ind1=" " ind2=" ">
    <subfield code="a">text</subfield>
    <subfield code="b">txt</subfield>
    <subfield code="2">rdacontent</subfield>
  </datafield>
  <datafield tag="337" ind1=" " ind2=" ">
    <subfield code="a">unmediated</subfield>
    <subfield code="b">n</subfield>
    <subfield code="2">rdamedia</subfield>
  </datafield>
  <datafield tag="520" ind1="8" ind2=" ">
    <subfield code="a">Er wordt gekird, er wordt getrippeld. Rijpend fruit bengelt aan bomen waaronder het goed schuilen is. De woorden zwenken wellustig met glazen verlangens. Het bos barst van de wildigheid: deze verborgen wereld herbergt een idylle. 00De legende wil dat in het Midden Oosten een achttiende dochter bitter schreide om haar moeder, die liever een zoon had gezien. Ze ontroerde de goden, die haar in een tortelduif veranderden waarop ze de wijde wereld introk. Ze kirt nog steeds rouwend?decaocto?, achttien, een klaagzang voor een wereld die haar niet wou liefhebben. Zacht en omarmend nodigt Cools in zijn gedichten de vermoeiden, de reislustigen, de zoekers uit om de benen te strekken in het zachte mos. 00De hypnotiserende schilderijen barsten van de levenslust en de deemoed. In hun eigen, unieke stijl verraden ze een diepe verwevenheid met en een intens respect voor de natuur. 00Achilles Cools (Lier, 1949) is schilder, tekenaar, schrijver, dichter en beeldhouwer. Zijn gedichten verschenen in literaire tijdschriften als &apos;DW &amp; B&apos;, &apos;Deus ex Machina&apos; en &apos;Nieuw Vlaams Tijdschrift&apos;. In 1983 debuteerde hij met &apos;Weldadige regen&apos;, in 1988 volgde zijn tweede bundel &apos;Sterreschot&apos;. Later publiceerde hij, vaak in de vorm van een dagboek, succesvolle boeken waarin zijn fascinatie voor vogels naar voor kwam.</subfield>
  </datafield>
  <datafield tag="650" ind1=" " ind2="0">
    <subfield code="a">Dutch literature</subfield>
  </datafield>
  <datafield tag="923" ind1=" " ind2=" ">
    <subfield code="d">20170127</subfield>
    <subfield code="n">70002241</subfield>
    <subfield code="s">Erasmus</subfield>
  </datafield>
  <datafield tag="985" ind1=" " ind2=" ">
    <subfield code="e">VENDOR LOAD</subfield>
  </datafield>
</record>