
<record>
  <leader>01951cam a22002897i 4500</leader>
  <controlfield tag="001">19490064</controlfield>
  <controlfield tag="005">20200103151042.0</controlfield>
  <controlfield tag="008">170127s2016    be            000 0 dut  </controlfield>
  <datafield tag="906" ind1=" " ind2=" ">
    <subfield code="a">7</subfield>
    <subfield code="b">cbc</subfield>
    <subfield code="c">origres</subfield>
    <subfield code="d">3</subfield>
    <subfield code="e">ncip</subfield>
    <subfield code="f">20</subfield>
    <subfield code="g">y-gencatlg</subfield>
  </datafield>
  <datafield tag="925" ind1="0" ind2=" ">
    <subfield code="a">acquire</subfield>
    <subfield code="b">1 shelf copy</subfield>
    <subfield code="x">policy default</subfield>
  </datafield>
  <datafield tag="955" ind1=" " ind2=" ">
    <subfield code="b">bd33 2017-05-04</subfield>
    <subfield code="b">bc12 2018-07-09 z-processor (telework)</subfield>
    <subfield code="i">bc12 2018-08-22 (telework)</subfield>
  </datafield>
  <datafield tag="010" ind1=" " ind2=" ">
    <subfield code="a">  2017390280</subfield>
  </datafield>
  <datafield tag="020" ind1=" " ind2=" ">
    <subfield code="a">9789492339171</subfield>
  </datafield>
  <datafield tag="020" ind1=" " ind2=" ">
    <subfield code="a">949233917X</subfield>
  </datafield>
  <datafield tag="040" ind1=" " ind2=" ">
    <subfield code="a">DLC</subfield>
    <subfield code="b">eng</subfield>
    <subfield code="e">rda</subfield>
    <subfield code="c">DLC</subfield>
  </datafield>
  <datafield tag="050" ind1="0" ind2="0">
    <subfield code="a">PT5881.32.E7543</subfield>
    <subfield code="b">A75 2016</subfield>
  </datafield>
  <datafield tag="100" ind1="1" ind2=" ">
    <subfield code="a">Vermeiren, Jeroen.</subfield>
  </datafield>
  <datafield tag="245" ind1="1" ind2="0">
    <subfield code="a">Alles, behalve nooit.</subfield>
    <subfield code="c">Jeroen Vermeiren.</subfield>
  </datafield>
  <datafield tag="264" ind1=" " ind2="1">
    <subfield code="a">Leuven :</subfield>
    <subfield code="b">Uitgeverij P.</subfield>
    <subfield code="c">[2016]</subfield>
  </datafield>
  <datafield tag="264" ind1=" " ind2="4">
    <subfield code="c">©2016.</subfield>
  </datafield>
  <datafield tag="300" ind1=" " ind2=" ">
    <subfield code="a">57 pages ;</subfield>
    <subfield code="c">20 cm.</subfield>
  </datafield>
  <datafield tag="336" ind1=" " ind2=" ">
    <subfield code="a">text</subfield>
    <subfield code="b">txt</subfield>
    <subfield code="2">rdacontent</subfield>
  </datafield>
  <datafield tag="337" ind1=" " ind2=" ">
    <subfield code="a">unmediated</subfield>
    <subfield code="b">n</subfield>
    <subfield code="2">rdamedia</subfield>
  </datafield>
  <datafield tag="520" ind1="8" ind2=" ">
    <subfield code="a">In &apos;Alles, behalve nooit&apos; geeft Jeroen Vermeiren vol vertrouwen zijn ziel bloot. Het is de ziel van een vader, die onlosmakelijk verbonden is met die van zijn zoon. Het is de ziel van een verliefd man, die alles voor zijn geliefde over heeft. Maar bovenal is het de ziel van een man die genot en geluk vindt in de kleine dingen, zoals een dagje aan het strand en de schoonheid van zijn geliefde Bornem. Een openhartige, warme en vertederende ziel. 00Jeroen Vermeiren leest even vlot en luchtig als hij schrijft. Schijnbaar moeiteloos schetst hij herkenbare en charmante scenario?s. Zijn gedichten lijken licht verteerbaar, maar snijden dieper dan men op het eerste gezicht zou vermoeden. 00Jeroen Vermeiren (1974) debuteerde met de dichtbundel &apos;Wild vlees&apos; (Uitgeverij P, 1996). Hij is ongelofelijk creatief en heeft zelfs zijn eigen schrijfbedrijfje,?De Zinnenspinnerij?, waar hij voor iedereen de juiste woorden vindt. Sinds 2013 is hij creatief schrijver bij Studio 100. Verder is hij columnist voor &apos;Charlie Magazine&apos; en dorpsdichter van Bornem.</subfield>
  </datafield>
  <datafield tag="650" ind1=" " ind2="0">
    <subfield code="a">Dutch literature</subfield>
  </datafield>
  <datafield tag="923" ind1=" " ind2=" ">
    <subfield code="d">20170127</subfield>
    <subfield code="n">70002243</subfield>
    <subfield code="s">Erasmus</subfield>
  </datafield>
  <datafield tag="985" ind1=" " ind2=" ">
    <subfield code="e">VENDOR LOAD</subfield>
  </datafield>
</record>