
<record>
  <leader>02296cam a22003737i 4500</leader>
  <controlfield tag="001">19490072</controlfield>
  <controlfield tag="005">20200103121326.0</controlfield>
  <controlfield tag="008">170127s2015    be a     b    001 0 dut  </controlfield>
  <datafield tag="906" ind1=" " ind2=" ">
    <subfield code="a">7</subfield>
    <subfield code="b">cbc</subfield>
    <subfield code="c">origres</subfield>
    <subfield code="d">3</subfield>
    <subfield code="e">ncip</subfield>
    <subfield code="f">20</subfield>
    <subfield code="g">y-gencatlg</subfield>
  </datafield>
  <datafield tag="925" ind1="0" ind2=" ">
    <subfield code="a">acquire</subfield>
    <subfield code="b">1 shelf copy</subfield>
    <subfield code="x">policy default</subfield>
  </datafield>
  <datafield tag="955" ind1=" " ind2=" ">
    <subfield code="b">BD25 2017-05-03</subfield>
    <subfield code="b">bc12 2018-08-06 z-processor (telework)</subfield>
    <subfield code="i">bc12 2018-09-24 ( telework)</subfield>
    <subfield code="e">bc12 2018-09-25 to BCCD (ABACheck &amp; Labeled)</subfield>
  </datafield>
  <datafield tag="010" ind1=" " ind2=" ">
    <subfield code="a">  2016489219</subfield>
  </datafield>
  <datafield tag="020" ind1=" " ind2=" ">
    <subfield code="a">9789038224763</subfield>
    <subfield code="q">(paperback)</subfield>
  </datafield>
  <datafield tag="020" ind1=" " ind2=" ">
    <subfield code="a">9038224761</subfield>
    <subfield code="q">(paperback)</subfield>
  </datafield>
  <datafield tag="040" ind1=" " ind2=" ">
    <subfield code="a">DLC</subfield>
    <subfield code="c">DLC</subfield>
  </datafield>
  <datafield tag="041" ind1="0" ind2=" ">
    <subfield code="a">dut</subfield>
    <subfield code="b">eng</subfield>
  </datafield>
  <datafield tag="050" ind1="0" ind2="0">
    <subfield code="a">PT5881.17.I4</subfield>
    <subfield code="b">Z6 2015</subfield>
  </datafield>
  <datafield tag="245" ind1="0" ind2="0">
    <subfield code="a">Gust Gils in zijn experiment /</subfield>
    <subfield code="c">onder redactie van Matthias Velle, Hans Vandevoorde, Els Van Damme &amp; Yves T&apos;Sjoen.</subfield>
  </datafield>
  <datafield tag="264" ind1=" " ind2="1">
    <subfield code="a">Gent :</subfield>
    <subfield code="b">Academia Press,</subfield>
    <subfield code="c">2015.</subfield>
  </datafield>
  <datafield tag="300" ind1=" " ind2=" ">
    <subfield code="a">278 pages :</subfield>
    <subfield code="b">illustrations ;</subfield>
    <subfield code="c">25 cm.</subfield>
  </datafield>
  <datafield tag="336" ind1=" " ind2=" ">
    <subfield code="a">text</subfield>
    <subfield code="b">txt</subfield>
    <subfield code="2">rdacontent</subfield>
  </datafield>
  <datafield tag="337" ind1=" " ind2=" ">
    <subfield code="a">unmediated</subfield>
    <subfield code="b">n</subfield>
    <subfield code="2">rdamedia</subfield>
  </datafield>
  <datafield tag="338" ind1=" " ind2=" ">
    <subfield code="a">volume</subfield>
    <subfield code="b">nc</subfield>
    <subfield code="2">rdacarrier</subfield>
  </datafield>
  <datafield tag="490" ind1="1" ind2=" ">
    <subfield code="a">SEL-reeks ;</subfield>
    <subfield code="v">7</subfield>
  </datafield>
  <datafield tag="546" ind1=" " ind2=" ">
    <subfield code="a">In Dutch; with abstracts in English.</subfield>
  </datafield>
  <datafield tag="504" ind1=" " ind2=" ">
    <subfield code="a">Includes bibliographical references and index.</subfield>
  </datafield>
  <datafield tag="520" ind1="8" ind2=" ">
    <subfield code="a">&quot;Gust Gils (1924-2002) was een experimentele duizendpoot. Bij leven was hij bekend als dichter en schrijver van korte verhalen. Daarnaast echter was hij ook toneelauteur en vertaler, kunstschilder en beeldhouwer, tekenaar en componist, en zelfs instrumentenmaker. Hij liep steeds voorop en was zijn tijd vooruit. Dit boek zoomt vooral in op zijn gouden jaren, de jaren zestig: hij schreef intens en tekende als bezeten, zijn werk werd opgevoerd, hij kreeg bijval in de vorm van lovende kritiek en prijzen, was bevriend met onder meer W.F. Hermans en hij werd uitgenodigd om in het buitenland op te treden, onder meer met zijn &apos;verbosoniën&apos;. Wat opvalt in die grillige creativiteit is zijn gedrevenheid om alles en nog wat in zijn kunst te integreren, inclusief zichzelf. Hij stond, zoals hij over zijn Belgische kunstbroeder Henri Michaux zei, &quot;als eksperimentator niet buiten maar in zijn eksperiment&quot;.&quot;--Back cover.</subfield>
  </datafield>
  <datafield tag="700" ind1="1" ind2=" ">
    <subfield code="a">Velle, Matthias,</subfield>
    <subfield code="e">editor.</subfield>
  </datafield>
  <datafield tag="700" ind1="1" ind2=" ">
    <subfield code="a">Vandevoorde, Hans,</subfield>
    <subfield code="e">editor.</subfield>
  </datafield>
  <datafield tag="700" ind1="1" ind2=" ">
    <subfield code="a">Damme, Els van,</subfield>
    <subfield code="d">1980-</subfield>
    <subfield code="e">editor.</subfield>
  </datafield>
  <datafield tag="700" ind1="1" ind2=" ">
    <subfield code="a">T&apos;Sjoen, Yves,</subfield>
    <subfield code="e">editor.</subfield>
  </datafield>
  <datafield tag="830" ind1=" " ind2="0">
    <subfield code="a">SEL-reeks ;</subfield>
    <subfield code="v">7.</subfield>
  </datafield>
  <datafield tag="923" ind1=" " ind2=" ">
    <subfield code="d">20170127</subfield>
    <subfield code="n">70002244</subfield>
    <subfield code="s">Erasmus</subfield>
  </datafield>
  <datafield tag="985" ind1=" " ind2=" ">
    <subfield code="e">VENDOR LOAD</subfield>
  </datafield>
</record>