
<record>
  <leader>03152cam a22004817i 4500</leader>
  <controlfield tag="001">19497321</controlfield>
  <controlfield tag="005">20200103121327.0</controlfield>
  <controlfield tag="008">170216t20152015mdua     bs   001 0 eng c</controlfield>
  <datafield tag="906" ind1=" " ind2=" ">
    <subfield code="a">7</subfield>
    <subfield code="b">cbc</subfield>
    <subfield code="c">pccadap</subfield>
    <subfield code="d">2</subfield>
    <subfield code="e">ncip</subfield>
    <subfield code="f">20</subfield>
    <subfield code="g">y-gencatlg</subfield>
  </datafield>
  <datafield tag="925" ind1="0" ind2=" ">
    <subfield code="a">acquire</subfield>
    <subfield code="b">2 shelf copies</subfield>
    <subfield code="x">policy default</subfield>
  </datafield>
  <datafield tag="955" ind1=" " ind2=" ">
    <subfield code="b">rm04 2017-02-16 z-processor</subfield>
    <subfield code="i">rm06 2017-02-28 to Dewey</subfield>
  </datafield>
  <datafield tag="010" ind1=" " ind2=" ">
    <subfield code="a">  2016498037</subfield>
  </datafield>
  <datafield tag="020" ind1=" " ind2=" ">
    <subfield code="a">9781598887853 (paperback)</subfield>
  </datafield>
  <datafield tag="020" ind1=" " ind2=" ">
    <subfield code="a">1598887858 (paperback)</subfield>
  </datafield>
  <datafield tag="020" ind1=" " ind2=" ">
    <subfield code="z">9781598887860 (ebook)</subfield>
  </datafield>
  <datafield tag="020" ind1=" " ind2=" ">
    <subfield code="z">1598887866 (ebook)</subfield>
  </datafield>
  <datafield tag="035" ind1=" " ind2=" ">
    <subfield code="a">(OCoLC)ocn928401958</subfield>
  </datafield>
  <datafield tag="040" ind1=" " ind2=" ">
    <subfield code="a">NHP</subfield>
    <subfield code="b">eng</subfield>
    <subfield code="c">NHP</subfield>
    <subfield code="e">rda</subfield>
    <subfield code="d">WLU</subfield>
    <subfield code="d">YQR</subfield>
    <subfield code="d">YDXCP</subfield>
    <subfield code="d">BTCTA</subfield>
    <subfield code="d">BDX</subfield>
    <subfield code="d">VVV</subfield>
    <subfield code="d">YQR</subfield>
    <subfield code="d">CLU</subfield>
    <subfield code="d">KSU</subfield>
    <subfield code="d">UAB</subfield>
    <subfield code="d">OCLCF</subfield>
    <subfield code="d">CDX</subfield>
    <subfield code="d">IBI</subfield>
    <subfield code="d">LTSCA</subfield>
    <subfield code="d">IHX</subfield>
    <subfield code="d">OCL</subfield>
    <subfield code="d">GUL</subfield>
    <subfield code="d">DLC</subfield>
  </datafield>
  <datafield tag="043" ind1=" " ind2=" ">
    <subfield code="a">n-us---</subfield>
  </datafield>
  <datafield tag="050" ind1="0" ind2="0">
    <subfield code="a">HV6787</subfield>
    <subfield code="b">.J87 2015</subfield>
  </datafield>
  <datafield tag="245" ind1="0" ind2="0">
    <subfield code="a">Justice statistics :</subfield>
    <subfield code="b">an extended look at crime in the United States /</subfield>
    <subfield code="c">edited by Shana Hertz Hattis.</subfield>
  </datafield>
  <datafield tag="246" ind1="3" ind2="0">
    <subfield code="a">Extended look at crime in the United States</subfield>
  </datafield>
  <datafield tag="264" ind1=" " ind2="1">
    <subfield code="a">Lanham, MD :</subfield>
    <subfield code="b">Bernan Press,</subfield>
    <subfield code="c">[2015]</subfield>
  </datafield>
  <datafield tag="264" ind1=" " ind2="4">
    <subfield code="c">©2015</subfield>
  </datafield>
  <datafield tag="300" ind1=" " ind2=" ">
    <subfield code="a">xvii, 282 pages :</subfield>
    <subfield code="b">illustrations ;</subfield>
    <subfield code="c">28 cm</subfield>
  </datafield>
  <datafield tag="336" ind1=" " ind2=" ">
    <subfield code="a">text</subfield>
    <subfield code="b">txt</subfield>
    <subfield code="2">rdacontent</subfield>
  </datafield>
  <datafield tag="337" ind1=" " ind2=" ">
    <subfield code="a">unmediated</subfield>
    <subfield code="b">n</subfield>
    <subfield code="2">rdamedia</subfield>
  </datafield>
  <datafield tag="338" ind1=" " ind2=" ">
    <subfield code="a">volume</subfield>
    <subfield code="b">nc</subfield>
    <subfield code="2">rdacarrier</subfield>
  </datafield>
  <datafield tag="500" ind1=" " ind2=" ">
    <subfield code="a">&quot;Special edition of Crime in the United States&quot;--Cover.</subfield>
  </datafield>
  <datafield tag="504" ind1=" " ind2=" ">
    <subfield code="a">Includes bibliographical references (pages 269-273) and index.</subfield>
  </datafield>
  <datafield tag="505" ind1="0" ind2=" ">
    <subfield code="a">About the editor -- Part 1.  Capital punishment, 2013 -- Part 2.  Correctional populations in the United States, 2013 -- Part 3.  Crime in the United States, 2013 -- Part 4.  Crimes against persons with disabilities, 2009-2013 -- Part 5.  Hate crime statistics, 2013 -- Part 6.  Jail inmates at midyear, 2014 -- Part 7.  Law enforcement officers killed and assaulted, 2013 -- Part 8.  Probation and parole, 2013 -- Part 9. Rape and sexual assault among college-age females, 1995-2013 -- Appendix sources for tables.</subfield>
  </datafield>
  <datafield tag="520" ind1=" " ind2=" ">
    <subfield code="a">&quot;This volume provides valuable information compiled by the U.S. Department of Justice, including its subsidiaries, the Bureau of Justice Statistics and the Federal Bureau of Investigation. Justice Statistics: An Extended Look at Crime in the United States is a special edition of Crime in the United States. It brings together nine key reports that fall under this category. Topics covered include capital punishment, rape and sexual assault among college-age women, correctional populations, crime in the United States, hate crimes, probation, parole, and law enforcement officers killed and assaulted. Tables in this volume provide a comprehensive account of each of these subjects.&quot; -- Back cover.</subfield>
  </datafield>
  <datafield tag="650" ind1=" " ind2="0">
    <subfield code="a">Criminal statistics</subfield>
    <subfield code="z">United States.</subfield>
  </datafield>
  <datafield tag="650" ind1=" " ind2="0">
    <subfield code="a">Crime</subfield>
    <subfield code="z">United States</subfield>
    <subfield code="x">History</subfield>
    <subfield code="y">21st century.</subfield>
  </datafield>
  <datafield tag="650" ind1=" " ind2="0">
    <subfield code="a">Crime</subfield>
    <subfield code="z">United States</subfield>
    <subfield code="x">History</subfield>
    <subfield code="y">20th century.</subfield>
  </datafield>
  <datafield tag="650" ind1=" " ind2="7">
    <subfield code="a">Crime.</subfield>
    <subfield code="2">fast</subfield>
    <subfield code="0">(OCoLC)fst00882984</subfield>
  </datafield>
  <datafield tag="650" ind1=" " ind2="7">
    <subfield code="a">Criminal statistics.</subfield>
    <subfield code="2">fast</subfield>
    <subfield code="0">(OCoLC)fst00883500</subfield>
  </datafield>
  <datafield tag="651" ind1=" " ind2="7">
    <subfield code="a">United States.</subfield>
    <subfield code="2">fast</subfield>
    <subfield code="0">(OCoLC)fst01204155</subfield>
  </datafield>
  <datafield tag="648" ind1=" " ind2="7">
    <subfield code="a">1900-2099</subfield>
    <subfield code="2">fast</subfield>
  </datafield>
  <datafield tag="655" ind1=" " ind2="7">
    <subfield code="a">History.</subfield>
    <subfield code="2">fast</subfield>
    <subfield code="0">(OCoLC)fst01411628</subfield>
  </datafield>
  <datafield tag="700" ind1="1" ind2=" ">
    <subfield code="a">Hattis, Shana Hertz,</subfield>
    <subfield code="e">editor.</subfield>
  </datafield>
  <datafield tag="730" ind1="0" ind2=" ">
    <subfield code="a">Crime in the United States (Bernan Press : 2005)</subfield>
  </datafield>
  <datafield tag="770" ind1="0" ind2="8">
    <subfield code="i">Special edition of:</subfield>
    <subfield code="a">Crime in the United States.</subfield>
  </datafield>
</record>