
<record>
  <leader>03496cam a22003617i 4500</leader>
  <controlfield tag="001">19497910</controlfield>
  <controlfield tag="005">20200103151047.0</controlfield>
  <controlfield tag="008">170216s2016    cl a     b    100 0 spa c</controlfield>
  <datafield tag="906" ind1=" " ind2=" ">
    <subfield code="a">7</subfield>
    <subfield code="b">cbc</subfield>
    <subfield code="c">pccadap</subfield>
    <subfield code="d">2</subfield>
    <subfield code="e">ncip</subfield>
    <subfield code="f">20</subfield>
    <subfield code="g">y-gencatlg</subfield>
  </datafield>
  <datafield tag="925" ind1="0" ind2=" ">
    <subfield code="a">acquire</subfield>
    <subfield code="b">1 shelf copies</subfield>
    <subfield code="x">policy default</subfield>
  </datafield>
  <datafield tag="955" ind1=" " ind2=" ">
    <subfield code="b">bg12 2017-02-16 z-processor to ALAWE/SA</subfield>
    <subfield code="i">bc12 2017-05-22 (telework)</subfield>
    <subfield code="e">bc12 2017-05-25 to BCCD (ABACheck &amp; Labeled)</subfield>
  </datafield>
  <datafield tag="010" ind1=" " ind2=" ">
    <subfield code="a">  2016512313</subfield>
  </datafield>
  <datafield tag="020" ind1=" " ind2=" ">
    <subfield code="a">9789560103130</subfield>
    <subfield code="q">(pbk.)</subfield>
  </datafield>
  <datafield tag="020" ind1=" " ind2=" ">
    <subfield code="a">956010313X</subfield>
    <subfield code="q">(pbk.)</subfield>
  </datafield>
  <datafield tag="035" ind1=" " ind2=" ">
    <subfield code="a">(OCoLC)ocn965642091</subfield>
  </datafield>
  <datafield tag="040" ind1=" " ind2=" ">
    <subfield code="a">STF</subfield>
    <subfield code="b">eng</subfield>
    <subfield code="c">STF</subfield>
    <subfield code="e">rda</subfield>
    <subfield code="d">OCLCO</subfield>
    <subfield code="d">OCLCF</subfield>
    <subfield code="d">DLC</subfield>
  </datafield>
  <datafield tag="043" ind1=" " ind2=" ">
    <subfield code="a">s-cl---</subfield>
  </datafield>
  <datafield tag="050" ind1="0" ind2="0">
    <subfield code="a">LE36.S31</subfield>
    <subfield code="b">J67 2016</subfield>
  </datafield>
  <datafield tag="110" ind1="2" ind2=" ">
    <subfield code="a">Universidad de Santiago de Chile.</subfield>
    <subfield code="b">Facultad de Humanidades.</subfield>
    <subfield code="b">Jornadas de Investigación</subfield>
    <subfield code="n">(6th :</subfield>
    <subfield code="d">2014 :</subfield>
    <subfield code="c">Santiago, Chile)</subfield>
  </datafield>
  <datafield tag="245" ind1="1" ind2="0">
    <subfield code="a">Debates contemporáneos :</subfield>
    <subfield code="b">VI Jornadas de Investigación de la Facultad de Humanidades.</subfield>
  </datafield>
  <datafield tag="250" ind1=" " ind2=" ">
    <subfield code="a">Primera edición.</subfield>
  </datafield>
  <datafield tag="264" ind1=" " ind2="1">
    <subfield code="a">Santiago de Chile :</subfield>
    <subfield code="b">RIL editores,</subfield>
    <subfield code="c">2016.</subfield>
  </datafield>
  <datafield tag="300" ind1=" " ind2=" ">
    <subfield code="a">306 pages :</subfield>
    <subfield code="b">some illustrations ;</subfield>
    <subfield code="c">23 cm.</subfield>
  </datafield>
  <datafield tag="336" ind1=" " ind2=" ">
    <subfield code="a">text</subfield>
    <subfield code="2">rdacontent</subfield>
  </datafield>
  <datafield tag="337" ind1=" " ind2=" ">
    <subfield code="a">unmediated</subfield>
    <subfield code="2">rdamedia</subfield>
  </datafield>
  <datafield tag="338" ind1=" " ind2=" ">
    <subfield code="a">volume</subfield>
    <subfield code="2">rdacarrier</subfield>
  </datafield>
  <datafield tag="490" ind1="1" ind2=" ">
    <subfield code="a">Colección Centro de Estudios Enzo Faletto</subfield>
  </datafield>
  <datafield tag="504" ind1=" " ind2=" ">
    <subfield code="a">Includes bibliographical references.</subfield>
  </datafield>
  <datafield tag="505" ind1="0" ind2=" ">
    <subfield code="a">Alto rendimiento académico en estudiantes de enseñanza media de liceos vulnerables / Mario Morales N. y Maritza Sepúlveda -- Análisis de la segregación escolar socioeconómica en enseñanza básica : dificultades y avances del primer año de un proyecto en curso / Claudia Córdoba Calquín -- Condiciones de sostenibilidad de la mejora escolar generadas a partir de la asesoría educativa externa : la visión de los directivos / Daniel Ríos Muñoz y Paula Villalobos Vergara -- Diseño de materiales didácticos para la enseñanza y el aprendizaje de Portugués como lengua adicional en la carrera de lingüística aplicada a la traducción : algunos parámetros / Ana Laura dos Santos Marques -- La gobernanza de la inserción de Chile y Argentina en Asia Pacífico / Alfonso Dingemans -- El gobierno de Gabriel González Videla : convergencia entre las relaciones internacionales, la estrategia y las élites al comienzo de la Guerra Fría / Cristián Garay Vera -- Los pobladores en Chile : ¿marginalidad urbana, clase popular o movimiento social? / Mario Garcés D. -- Psicología evolucionaria : comprensión del funcionamiento de la mente, las emociones y el cerebro social / Ana María Fernández [and 9 others] -- El valor de la cognición y del contexto próximo en la terapia de los primeros episodios psicóticos : hablando desde la psicología / Margarita Loubat O. -- Los difuntos en la sensibilidad cultural Aymara y Quechua o la relación de complementariedad y coexistencia con los vivos / Jorge Rueda Castro -- Lo que queda déspues de que todo lo sólido se desvanece en el aire / Christian Retamal -- La interculturalidad como ejercicio interdisciplinario en la investigación científica / Simona Albertazzi y Victoria Cáceres -- Problemas en el diálogo intrarreligioso, hacia una metodología basada en el análisis fenomenológico / Macarena Torres Saavedra.</subfield>
  </datafield>
  <datafield tag="655" ind1=" " ind2="7">
    <subfield code="a">Conference papers and proceedings.</subfield>
    <subfield code="2">fast</subfield>
    <subfield code="0">(OCoLC)fst01423772</subfield>
  </datafield>
  <datafield tag="655" ind1=" " ind2="7">
    <subfield code="a">Conference papers and proceedings.</subfield>
    <subfield code="2">lcgft</subfield>
  </datafield>
  <datafield tag="710" ind1="2" ind2=" ">
    <subfield code="a">Universidad de Santiago de Chile.</subfield>
    <subfield code="b">Facultad de Humanidades,</subfield>
    <subfield code="e">organizer,</subfield>
    <subfield code="e">host institution.</subfield>
  </datafield>
  <datafield tag="830" ind1=" " ind2="0">
    <subfield code="a">Colección Centro de Estudios Enzo Faletto.</subfield>
  </datafield>
</record>