
<record>
  <leader>03279cam a22004817i 4500</leader>
  <controlfield tag="001">19504270</controlfield>
  <controlfield tag="005">20200103151054.0</controlfield>
  <controlfield tag="008">160112s2016    ne a     b    001 0cdut  </controlfield>
  <datafield tag="906" ind1=" " ind2=" ">
    <subfield code="a">7</subfield>
    <subfield code="b">cbc</subfield>
    <subfield code="c">origres</subfield>
    <subfield code="d">3</subfield>
    <subfield code="e">ncip</subfield>
    <subfield code="f">20</subfield>
    <subfield code="g">y-gencatlg</subfield>
  </datafield>
  <datafield tag="925" ind1="0" ind2=" ">
    <subfield code="a">acquire</subfield>
    <subfield code="b">1 shelf copy</subfield>
    <subfield code="x">policy default</subfield>
  </datafield>
  <datafield tag="955" ind1=" " ind2=" ">
    <subfield code="b">bd24 2017-03-16</subfield>
    <subfield code="b">bc12 2018-06-13 z-processor (telework)</subfield>
    <subfield code="i">bc12 2018-06-27 (telework) (overtime)</subfield>
    <subfield code="e">bc12 2018-07-03 to BCCD (ABAchecked &amp; Labeled)</subfield>
  </datafield>
  <datafield tag="010" ind1=" " ind2=" ">
    <subfield code="a">  2016521003</subfield>
  </datafield>
  <datafield tag="020" ind1=" " ind2=" ">
    <subfield code="a">9045027763</subfield>
    <subfield code="q">(hardback)</subfield>
  </datafield>
  <datafield tag="020" ind1=" " ind2=" ">
    <subfield code="a">9789045027760</subfield>
    <subfield code="q">(hardback)</subfield>
  </datafield>
  <datafield tag="040" ind1=" " ind2=" ">
    <subfield code="a">DLC</subfield>
    <subfield code="b">eng</subfield>
    <subfield code="e">rda</subfield>
    <subfield code="c">DLC</subfield>
  </datafield>
  <datafield tag="043" ind1=" " ind2=" ">
    <subfield code="a">e-ne---</subfield>
  </datafield>
  <datafield tag="050" ind1="0" ind2="0">
    <subfield code="a">CT1157.S59</subfield>
    <subfield code="b">M35 2016</subfield>
  </datafield>
  <datafield tag="100" ind1="1" ind2=" ">
    <subfield code="a">Mak, Geert,</subfield>
    <subfield code="e">author.</subfield>
  </datafield>
  <datafield tag="245" ind1="1" ind2="3">
    <subfield code="a">De levens van Jan Six :</subfield>
    <subfield code="b">een familiegeschiedenis /</subfield>
    <subfield code="c">Geert Mak.</subfield>
  </datafield>
  <datafield tag="264" ind1=" " ind2="1">
    <subfield code="a">Amsterdam :</subfield>
    <subfield code="b">Uitgeverij Atlas Contact,</subfield>
    <subfield code="c">2016.</subfield>
  </datafield>
  <datafield tag="300" ind1=" " ind2=" ">
    <subfield code="a">444 pages :</subfield>
    <subfield code="b">illustrations (some color) ;</subfield>
    <subfield code="c">24 cm</subfield>
  </datafield>
  <datafield tag="336" ind1=" " ind2=" ">
    <subfield code="a">text</subfield>
    <subfield code="b">txt</subfield>
    <subfield code="2">rdacontent</subfield>
  </datafield>
  <datafield tag="337" ind1=" " ind2=" ">
    <subfield code="a">unmediated</subfield>
    <subfield code="b">n</subfield>
    <subfield code="2">rdamedia</subfield>
  </datafield>
  <datafield tag="338" ind1=" " ind2=" ">
    <subfield code="a">volume</subfield>
    <subfield code="b">nc</subfield>
    <subfield code="2">rdacarrier</subfield>
  </datafield>
  <datafield tag="500" ind1=" " ind2=" ">
    <subfield code="a">Eerste-&lt;vierde &gt; druk published in 2016.</subfield>
  </datafield>
  <datafield tag="500" ind1=" " ind2=" ">
    <subfield code="a">Family biography of the Amsterdam based Six van Hillegom en Wimmenum family from Jan Six the First (1618-1700) through Jan Six the Eleventh (born 1978) and other family members. Several family members were painted by Rembrandt. Popyular treatment.</subfield>
  </datafield>
  <datafield tag="504" ind1=" " ind2=" ">
    <subfield code="a">Includes bibliographical references (425-436) and index.</subfield>
  </datafield>
  <datafield tag="520" ind1="8" ind2=" ">
    <subfield code="a">&quot;Dit is het verhaal van Jan Six, zijn familie en zijn vele levens. Zijn portret geldt als het mooiste dat zijn vriend Rembrandt ooit maakte, het hangt -- uniek -- nog steeds in het familiehuis aan de Amstel. Jan kende iedereen in het 17e-eeuwse Amsterdam, van Vondel tot Spinoza. Maar wat ging er werkelijk om in het hoofd van deze 17e-eeuwse patriciër en kunstverzamelaar? Zijn kladboek is bewaard gebleven in het rijke familiearchief: duizenden aantekeningen, variërend van recepten, anekdotes en godsdienstige beschouwingen tot zeldzaam schunnige grappen. Na hem kwamen nieuwe mannen: binnen de familie Six heet de oudste zoon van de oudste zoon altijd weer Jan Six, tot de dag van vandaag. Ze werden burgemeester en wetenschapper, ze verwierven grote rijkdom en strompelden soms ook weer gebocheld, arm en eenzaam door het leven. Het is allemaal verstopt in datzelfde familiehuis: in eindeloze correspondenties, door vier eeuwen heen, over kleine en grote zaken -- zelfs met George Washington -- in dagboeken en notities en in alles wat de Sixen verder bewaarden, tot hun balboekjes toe. De levens van Jan Six is het verhaal van een Amsterdamse elitefamilie door vier eeuwen heen. Het is tegelijk het verhaal van de stad en de tijdgeest, van ambities en beperkingen, van grandeur en de eeuwige angst voor de neergang.&quot;--Dust jacket.</subfield>
  </datafield>
  <datafield tag="600" ind1="3" ind2="0">
    <subfield code="a">Six family.</subfield>
  </datafield>
  <datafield tag="600" ind1="1" ind2="0">
    <subfield code="a">Six, Jan,</subfield>
    <subfield code="d">1618-1700.</subfield>
  </datafield>
  <datafield tag="600" ind1="1" ind2="0">
    <subfield code="a">Six, Jan,</subfield>
    <subfield code="d">1668-1750.</subfield>
  </datafield>
  <datafield tag="600" ind1="1" ind2="0">
    <subfield code="a">Six, Jan,</subfield>
    <subfield code="d">1730-1779.</subfield>
  </datafield>
  <datafield tag="600" ind1="1" ind2="0">
    <subfield code="a">Six, Jan,</subfield>
    <subfield code="d">1756-1827.</subfield>
  </datafield>
  <datafield tag="600" ind1="1" ind2="0">
    <subfield code="a">Six, Jan,</subfield>
    <subfield code="d">1788-1863.</subfield>
  </datafield>
  <datafield tag="600" ind1="1" ind2="0">
    <subfield code="a">Six, Jan,</subfield>
    <subfield code="d">1824-1899.</subfield>
  </datafield>
  <datafield tag="600" ind1="1" ind2="0">
    <subfield code="a">Six, Jan,</subfield>
    <subfield code="d">1857-1926.</subfield>
  </datafield>
  <datafield tag="600" ind1="1" ind2="0">
    <subfield code="a">Six, Jan,</subfield>
    <subfield code="d">1891-1961.</subfield>
  </datafield>
  <datafield tag="600" ind1="1" ind2="0">
    <subfield code="a">Six, Jan,</subfield>
    <subfield code="d">1919-1999.</subfield>
  </datafield>
  <datafield tag="600" ind1="1" ind2="0">
    <subfield code="a">Six, Jan,</subfield>
    <subfield code="d">1947-</subfield>
  </datafield>
  <datafield tag="600" ind1="1" ind2="0">
    <subfield code="a">Six, Jan,</subfield>
    <subfield code="d">1978-</subfield>
  </datafield>
  <datafield tag="651" ind1=" " ind2="0">
    <subfield code="a">Amsterdam (Netherlands)</subfield>
    <subfield code="v">Biography.</subfield>
  </datafield>
  <datafield tag="923" ind1=" " ind2=" ">
    <subfield code="d">02-09-17</subfield>
    <subfield code="n">I-20100471</subfield>
    <subfield code="s">93000177</subfield>
  </datafield>
  <datafield tag="985" ind1=" " ind2=" ">
    <subfield code="e">VENDOR LOAD</subfield>
  </datafield>
</record>