
<record>
  <leader>02562cam a22003497i 4500</leader>
  <controlfield tag="001">19504960</controlfield>
  <controlfield tag="005">20200103151059.0</controlfield>
  <controlfield tag="008">161010e201604  ck a     b    100 0 spa c</controlfield>
  <datafield tag="906" ind1=" " ind2=" ">
    <subfield code="a">7</subfield>
    <subfield code="b">cbc</subfield>
    <subfield code="c">pccadap</subfield>
    <subfield code="d">2</subfield>
    <subfield code="e">ncip</subfield>
    <subfield code="f">20</subfield>
    <subfield code="g">y-gencatlg</subfield>
  </datafield>
  <datafield tag="925" ind1="0" ind2=" ">
    <subfield code="a">acquire</subfield>
    <subfield code="b">1 shelf copy</subfield>
    <subfield code="x">policy default</subfield>
  </datafield>
  <datafield tag="955" ind1=" " ind2=" ">
    <subfield code="b">bg12 2017-03-30 to ALAWE/SA</subfield>
    <subfield code="b">bc12 2017-06-08 z-processor</subfield>
    <subfield code="i">bc12 2017-06-08</subfield>
    <subfield code="e">bc12 2017-06-22 to BCCD (ABAchecked &amp; Labeled)</subfield>
  </datafield>
  <datafield tag="010" ind1=" " ind2=" ">
    <subfield code="a">  2016512729</subfield>
  </datafield>
  <datafield tag="020" ind1=" " ind2=" ">
    <subfield code="a">9789587169300</subfield>
  </datafield>
  <datafield tag="020" ind1=" " ind2=" ">
    <subfield code="a">9587169301</subfield>
  </datafield>
  <datafield tag="035" ind1=" " ind2=" ">
    <subfield code="a">(OCoLC)ocn956875197</subfield>
  </datafield>
  <datafield tag="040" ind1=" " ind2=" ">
    <subfield code="a">STF</subfield>
    <subfield code="b">eng</subfield>
    <subfield code="c">STF</subfield>
    <subfield code="e">rda</subfield>
    <subfield code="d">OCLCF</subfield>
    <subfield code="d">OCLCO</subfield>
    <subfield code="d">DLC</subfield>
  </datafield>
  <datafield tag="050" ind1="0" ind2="0">
    <subfield code="a">LB2341</subfield>
    <subfield code="b">.S443 2014</subfield>
  </datafield>
  <datafield tag="111" ind1="2" ind2=" ">
    <subfield code="a">Seminario Internacional Gobierno Universitario</subfield>
    <subfield code="n">(1st :</subfield>
    <subfield code="d">2014 :</subfield>
    <subfield code="c">Bogotá, Colombia)</subfield>
  </datafield>
  <datafield tag="245" ind1="1" ind2="0">
    <subfield code="a">Asuntos de gobierno universitario /</subfield>
    <subfield code="c">editor, Jairo Humberto Cifuentes Madrid.</subfield>
  </datafield>
  <datafield tag="250" ind1=" " ind2=" ">
    <subfield code="a">Primera edición.</subfield>
  </datafield>
  <datafield tag="264" ind1=" " ind2="1">
    <subfield code="a">Bogotá, D.C. :</subfield>
    <subfield code="b">Editorial Pontificia Universidad Javeriana,</subfield>
    <subfield code="c">abril de 2016.</subfield>
  </datafield>
  <datafield tag="300" ind1=" " ind2=" ">
    <subfield code="a">219 pages :</subfield>
    <subfield code="b">illustrations (some color) ;</subfield>
    <subfield code="c">24 cm</subfield>
  </datafield>
  <datafield tag="336" ind1=" " ind2=" ">
    <subfield code="a">text</subfield>
    <subfield code="2">rdacontent</subfield>
  </datafield>
  <datafield tag="337" ind1=" " ind2=" ">
    <subfield code="a">unmediated</subfield>
    <subfield code="2">rdamedia</subfield>
  </datafield>
  <datafield tag="338" ind1=" " ind2=" ">
    <subfield code="a">volume</subfield>
    <subfield code="2">rdacarrier</subfield>
  </datafield>
  <datafield tag="500" ind1=" " ind2=" ">
    <subfield code="a">Papers originally presented at the I Seminario Internacional Gobierno Universitario held July 23-15, 2014 in Bogotá, Colombia.</subfield>
  </datafield>
  <datafield tag="504" ind1=" " ind2=" ">
    <subfield code="a">Includes bibliographical references.</subfield>
  </datafield>
  <datafield tag="505" ind1="0" ind2=" ">
    <subfield code="a">Sobre el gobierno universitario / Jairo Humberto Cifuentes Madrid -- Gobierno universitario : entre ecos del pasado y nuevas tendencias : una mirada comparada / Paula Clasing y Alfonso Muga -- Gobernanza universitaria : tipología, dinámicas y tendencias / José Joaquín Brunner -- Formas exitosas de gobierno universitario en el mundo / Jamil Salmi -- Gobierno universitario : articulación política pública y política institucional / Martí Parellada Sabata -- Autonomía y formas de gobierno universitario / Andrés Bernasconi -- Desafíos de la planeación estratégica universitaria : planeación pertinente / Geraldo Remolina, S.J. -- Implementación y comunicación de la planeación / Claudia Velandia Gómez -- Gobierno universitario : una mirada desde al aseguramiento de la calidad / María José Lemaitre -- Apuntes sobre la financiación de las universidades / Carlos Angulo Galvis -- Propuestas de política para un nuevo modelo de financiamiento de la educación superior pública en Colombia / Luis Carlos Castillo.</subfield>
  </datafield>
  <datafield tag="650" ind1=" " ind2="0">
    <subfield code="a">Universities and colleges</subfield>
    <subfield code="x">Administration</subfield>
    <subfield code="v">Congresses.</subfield>
  </datafield>
  <datafield tag="700" ind1="1" ind2=" ">
    <subfield code="a">Cifuentes Madrid, Jairo Humberto,</subfield>
    <subfield code="e">editor.</subfield>
  </datafield>
  <datafield tag="923" ind1=" " ind2=" ">
    <subfield code="d">20170125</subfield>
    <subfield code="n">15571C2017</subfield>
    <subfield code="s">BO-CbLA</subfield>
  </datafield>
  <datafield tag="985" ind1=" " ind2=" ">
    <subfield code="e">VENDOR LOAD</subfield>
  </datafield>
</record>