
<record>
  <leader>05537cam a22006857i 4500</leader>
  <controlfield tag="001">19506413</controlfield>
  <controlfield tag="005">20200103121329.0</controlfield>
  <controlfield tag="008">170218t20152015nyu      b    001 0 eng c</controlfield>
  <datafield tag="906" ind1=" " ind2=" ">
    <subfield code="a">7</subfield>
    <subfield code="b">cbc</subfield>
    <subfield code="c">pccadap</subfield>
    <subfield code="d">2</subfield>
    <subfield code="e">ncip</subfield>
    <subfield code="f">20</subfield>
    <subfield code="g">y-gencatlg</subfield>
  </datafield>
  <datafield tag="925" ind1="0" ind2=" ">
    <subfield code="a">acquire</subfield>
    <subfield code="b">1 shelf copy</subfield>
    <subfield code="x">policy default</subfield>
  </datafield>
  <datafield tag="955" ind1=" " ind2=" ">
    <subfield code="b">xk25 2017-02-18 z-processor</subfield>
    <subfield code="i">xk02 2017-07-12 to CALM</subfield>
  </datafield>
  <datafield tag="010" ind1=" " ind2=" ">
    <subfield code="a">  2016591949</subfield>
  </datafield>
  <datafield tag="020" ind1=" " ind2=" ">
    <subfield code="a">9780231176156 (pbk. : alk. paper)</subfield>
  </datafield>
  <datafield tag="020" ind1=" " ind2=" ">
    <subfield code="a">0231176155 (pbk. : alk. paper)</subfield>
  </datafield>
  <datafield tag="020" ind1=" " ind2=" ">
    <subfield code="a">9780231176149 (cloth : alk. paper)</subfield>
  </datafield>
  <datafield tag="020" ind1=" " ind2=" ">
    <subfield code="a">0231176147 (cloth : alk. paper)</subfield>
  </datafield>
  <datafield tag="020" ind1=" " ind2=" ">
    <subfield code="z">9780231850926 (e-book)</subfield>
  </datafield>
  <datafield tag="020" ind1=" " ind2=" ">
    <subfield code="z">0231850921 (e-book)</subfield>
  </datafield>
  <datafield tag="035" ind1=" " ind2=" ">
    <subfield code="a">(OCoLC)ocn922845502</subfield>
  </datafield>
  <datafield tag="040" ind1=" " ind2=" ">
    <subfield code="a">CDX</subfield>
    <subfield code="b">eng</subfield>
    <subfield code="c">CDX</subfield>
    <subfield code="e">rda</subfield>
    <subfield code="d">YDXCP</subfield>
    <subfield code="d">OCLCO</subfield>
    <subfield code="d">IQU</subfield>
    <subfield code="d">DGU</subfield>
    <subfield code="d">WAU</subfield>
    <subfield code="d">MDS</subfield>
    <subfield code="d">S3O</subfield>
    <subfield code="d">ZCY</subfield>
    <subfield code="d">TWTCL</subfield>
    <subfield code="d">DLC</subfield>
  </datafield>
  <datafield tag="041" ind1="0" ind2=" ">
    <subfield code="a">eng</subfield>
  </datafield>
  <datafield tag="050" ind1="0" ind2="0">
    <subfield code="a">PN1995.9.J3</subfield>
    <subfield code="b">F67 2015</subfield>
  </datafield>
  <datafield tag="245" ind1="0" ind2="0">
    <subfield code="a">For his eyes only :</subfield>
    <subfield code="b">the women of James Bond /</subfield>
    <subfield code="c">edited by Lisa Funnell</subfield>
  </datafield>
  <datafield tag="264" ind1=" " ind2="1">
    <subfield code="a">New York :</subfield>
    <subfield code="b">Wallflower Press,</subfield>
    <subfield code="c">[2015]</subfield>
  </datafield>
  <datafield tag="264" ind1=" " ind2="4">
    <subfield code="c">©2015</subfield>
  </datafield>
  <datafield tag="300" ind1=" " ind2=" ">
    <subfield code="a">xviii, 309 pages ;</subfield>
    <subfield code="c">23 cm</subfield>
  </datafield>
  <datafield tag="336" ind1=" " ind2=" ">
    <subfield code="a">text</subfield>
    <subfield code="b">txt</subfield>
    <subfield code="2">rdacontent</subfield>
  </datafield>
  <datafield tag="337" ind1=" " ind2=" ">
    <subfield code="a">unmediated</subfield>
    <subfield code="b">n</subfield>
    <subfield code="2">rdamedia</subfield>
  </datafield>
  <datafield tag="338" ind1=" " ind2=" ">
    <subfield code="a">volume</subfield>
    <subfield code="b">nc</subfield>
    <subfield code="2">rdacarrier</subfield>
  </datafield>
  <datafield tag="504" ind1=" " ind2=" ">
    <subfield code="a">Includes bibliographical references (pages 284-298) and index.</subfield>
  </datafield>
  <datafield tag="505" ind1="0" ind2="0">
    <subfield code="t">Forward /</subfield>
    <subfield code="r">Christoph Lindner --</subfield>
    <subfield code="g">Introduction.</subfield>
    <subfield code="t">The women of James Bond /</subfield>
    <subfield code="r">Lisa Funnell --</subfield>
    <subfield code="g">Section 1:</subfield>
    <subfield code="t">From novel to film:</subfield>
    <subfield code="t">&quot;Women were for recreation&quot; : the gender politics of Ian Fleming&apos;s James Bond /</subfield>
    <subfield code="r">James Chapman --</subfield>
    <subfield code="t">The Bond girl who is not there : the Tiffany Case /</subfield>
    <subfield code="r">Boel Ulfsdotter --</subfield>
    <subfield code="t">James Bond and female authority : the female M in the Bond novels and films /</subfield>
    <subfield code="r">Jim Leach.</subfield>
  </datafield>
  <datafield tag="505" ind1="0" ind2="0">
    <subfield code="g">Section 2:</subfield>
    <subfield code="t">Desiring the other:</subfield>
    <subfield code="t">Desiring the Soviet woman : Tatiana Romanova and From Russia with love /</subfield>
    <subfield code="r">Thomas M. Barrett --</subfield>
    <subfield code="t">&quot;The old ways are best&quot; : the colonization of women of color in Bond films /</subfield>
    <subfield code="r">Travis L. Wagner --</subfield>
    <subfield code="t">Bond&apos;s bit on the side : race, exoticism and the Bond &quot;fluffer&quot; character /</subfield>
    <subfield code="r">Charles Burnetts --</subfield>
    <subfield code="t">The politics of representation : disciplining and domesticating Miss Moneypenny in Skyfall /</subfield>
    <subfield code="r">Kristen Shaw --</subfield>
    <subfield code="t">Objects of white male desire : (d)evolving representations of Asian women in Bond films /</subfield>
    <subfield code="r">Lisa Funnell.</subfield>
  </datafield>
  <datafield tag="505" ind1="0" ind2="0">
    <subfield code="g">Section 3:</subfield>
    <subfield code="t">Feminist critiques and movements:</subfield>
    <subfield code="t">&quot;Never trust a rich spy&quot; : Ursula Andress, Vesper Lynd, and mythic power in Casino Royale 1967 /</subfield>
    <subfield code="r">Robert von Dassanowsky --</subfield>
    <subfield code="t">&quot;This never happened to the other fellow&quot; : On Her Majesty&apos;s Secret Service as Bond woman&apos;s film /</subfield>
    <subfield code="r">Marlisa Santos --</subfield>
    <subfield code="t">&quot;What really went on up there James?&quot; : Bond&apos;s wife, Blofeld&apos;s patients, and empowered Bond women /</subfield>
    <subfield code="r">Dan Mills --</subfield>
    <subfield code="t">Sisterhood as resistance in For your eyes only and Octopussy /</subfield>
    <subfield code="r">Fernando Gabriel Pagnoni Berns --</subfield>
    <subfield code="t">Bond is not enough : Elektra King and the desiring Bond girl /</subfield>
    <subfield code="r">Alexander Sergeant.</subfield>
  </datafield>
  <datafield tag="505" ind1="0" ind2="0">
    <subfield code="g">Section 4:</subfield>
    <subfield code="t">Gendered conventions:</subfield>
    <subfield code="t">Female bodies in James Bond title sequences /</subfield>
    <subfield code="r">Sabine Planka --</subfield>
    <subfield code="t">Random access mysteries : James Bond and the matter of the unknown woman /</subfield>
    <subfield code="r">Eileen Rositzka --</subfield>
    <subfield code="t">Pussy Galore : women and music in Goldfinger /</subfield>
    <subfield code="r">Catherine Haworth --</subfield>
    <subfield code="t">Female voice and the Bond films /</subfield>
    <subfield code="r">Anna G. Piotrowska --</subfield>
    <subfield code="t">Designing character : costume, Bond girls, and negotiating representation /</subfield>
    <subfield code="r">Andrea J. Severson.</subfield>
  </datafield>
  <datafield tag="505" ind1="0" ind2="0">
    <subfield code="g">Section 5:</subfield>
    <subfield code="t">Female agency and gender roles:</subfield>
    <subfield code="t">Secret agent nuptials : marriage, gender roles, and the &quot;different Bond woman&quot; in On Her Majesty&apos;s Secret Service /</subfield>
    <subfield code="r">Stephen Nepa --</subfield>
    <subfield code="t">The spy who fooled me : the early Bond girl and the magician&apos;s assistant /</subfield>
    <subfield code="r">Ross Karlan --</subfield>
    <subfield code="t">&quot;Women drivers&quot; : the changing role of the Bond girl in vehicle chases /</subfield>
    <subfield code="r">Stephanie Jones --</subfield>
    <subfield code="t">&quot;It&apos;s not for everyone&quot; : James Bond and Miss Moneypenny in Skyfall /</subfield>
    <subfield code="r">Klaus Dodds --</subfield>
    <subfield code="t">&quot;Who is Salt?&quot; : the difficulty of constructing a female James Bond and reconstructing gender expectations /</subfield>
    <subfield code="r">Jeffrey A. Brown.</subfield>
  </datafield>
  <datafield tag="505" ind1="0" ind2="0">
    <subfield code="g">Section 6:</subfield>
    <subfield code="t">Judi Dench&apos;s tenure as M:</subfield>
    <subfield code="t">From masculine mastermind to maternal martyr : Judi Dench&apos;s M, Skyfall, and the patriarchal logic of James Bond films /</subfield>
    <subfield code="r">Peter C. Kunze --</subfield>
    <subfield code="t">M, 007, and the challenge of female authority in the Bond franchise /</subfield>
    <subfield code="r">Brian Patton --</subfield>
    <subfield code="t">&quot;M&quot;(O)thering : female representation of age and power in James Bond /</subfield>
    <subfield code="r">Lori L. Parks -- Mothering the Bond - M relation in Skyfall and the Bond girl intervention /</subfield>
    <subfield code="r">Christopher Holliday --</subfield>
    <subfield code="t">Property of a lady : (s)mothering Judi Dench&apos;s M /</subfield>
    <subfield code="r">Michael W. Boyce.</subfield>
  </datafield>
  <datafield tag="650" ind1=" " ind2="0">
    <subfield code="a">James Bond films</subfield>
    <subfield code="x">History and criticism.</subfield>
  </datafield>
  <datafield tag="650" ind1=" " ind2="0">
    <subfield code="a">Women in motion pictures.</subfield>
  </datafield>
  <datafield tag="600" ind1="1" ind2="0">
    <subfield code="a">Fleming, Ian,</subfield>
    <subfield code="d">1908-1964.</subfield>
    <subfield code="t">James Bond books.</subfield>
  </datafield>
  <datafield tag="600" ind1="1" ind2="0">
    <subfield code="a">Fleming, Ian,</subfield>
    <subfield code="d">1908-1964</subfield>
    <subfield code="x">Characters</subfield>
    <subfield code="x">Women.</subfield>
  </datafield>
  <datafield tag="600" ind1="1" ind2="0">
    <subfield code="a">Dench, Judi,</subfield>
    <subfield code="d">1934-</subfield>
    <subfield code="x">Performances.</subfield>
  </datafield>
  <datafield tag="600" ind1="1" ind2="4">
    <subfield code="a">Bond, James</subfield>
    <subfield code="c">(fiktiv gestalt)</subfield>
  </datafield>
  <datafield tag="650" ind1=" " ind2="7">
    <subfield code="a">Filmvetenskap</subfield>
    <subfield code="x">kvinnobilden</subfield>
    <subfield code="z">Storbritannien</subfield>
    <subfield code="y">1900-talet</subfield>
    <subfield code="y">2000-talet.</subfield>
    <subfield code="2">kao</subfield>
  </datafield>
  <datafield tag="650" ind1=" " ind2="7">
    <subfield code="a">Hegemonisk manlighet</subfield>
    <subfield code="x">mansbilden</subfield>
    <subfield code="x">hjältar</subfield>
    <subfield code="x">film.</subfield>
    <subfield code="2">kao</subfield>
  </datafield>
  <datafield tag="650" ind1=" " ind2="7">
    <subfield code="a">Könsolikheter.</subfield>
    <subfield code="2">kao</subfield>
  </datafield>
  <datafield tag="650" ind1=" " ind2="7">
    <subfield code="a">Sexualitet.</subfield>
    <subfield code="2">kao</subfield>
  </datafield>
  <datafield tag="650" ind1=" " ind2="7">
    <subfield code="a">Genus.</subfield>
    <subfield code="2">kao</subfield>
  </datafield>
  <datafield tag="650" ind1=" " ind2="7">
    <subfield code="a">Etnicitet.</subfield>
    <subfield code="2">kao</subfield>
  </datafield>
  <datafield tag="650" ind1=" " ind2="7">
    <subfield code="a">Gender differences.</subfield>
    <subfield code="2">kao</subfield>
  </datafield>
  <datafield tag="650" ind1=" " ind2="7">
    <subfield code="a">Film studies</subfield>
    <subfield code="x">image of women</subfield>
    <subfield code="z">Great Britain</subfield>
    <subfield code="y">20th century</subfield>
    <subfield code="y">21st century.</subfield>
    <subfield code="2">kao//eng</subfield>
  </datafield>
  <datafield tag="650" ind1=" " ind2="7">
    <subfield code="a">Hegemonic masculinity</subfield>
    <subfield code="x">image of men</subfield>
    <subfield code="x">heroes</subfield>
    <subfield code="x">film.</subfield>
    <subfield code="2">kao//eng</subfield>
  </datafield>
  <datafield tag="650" ind1=" " ind2="7">
    <subfield code="a">Sexuality.</subfield>
    <subfield code="2">kao//eng</subfield>
  </datafield>
  <datafield tag="650" ind1=" " ind2="7">
    <subfield code="a">Gender.</subfield>
    <subfield code="2">kao//eng</subfield>
  </datafield>
  <datafield tag="650" ind1=" " ind2="7">
    <subfield code="a">Ethnicity.</subfield>
    <subfield code="2">kao//eng</subfield>
  </datafield>
  <datafield tag="650" ind1=" " ind2="7">
    <subfield code="a">James Bond-filmer</subfield>
    <subfield code="x">genusaspekter.</subfield>
    <subfield code="2">sao</subfield>
  </datafield>
  <datafield tag="650" ind1=" " ind2="7">
    <subfield code="a">Kvinnor i filmen.</subfield>
    <subfield code="2">sao</subfield>
  </datafield>
  <datafield tag="650" ind1=" " ind2="7">
    <subfield code="a">Kvinnor på film.</subfield>
    <subfield code="2">sfit</subfield>
  </datafield>
  <datafield tag="650" ind1=" " ind2="7">
    <subfield code="a">James Bond.</subfield>
    <subfield code="2">sfit</subfield>
  </datafield>
  <datafield tag="650" ind1=" " ind2="7">
    <subfield code="a">Könsroller på film.</subfield>
    <subfield code="2">sfit</subfield>
  </datafield>
  <datafield tag="700" ind1="1" ind2=" ">
    <subfield code="a">Funnell, Lisa,</subfield>
    <subfield code="d">1980-</subfield>
    <subfield code="e">editor.</subfield>
  </datafield>
</record>