
<record>
  <leader>01920cam a22003137i 4500</leader>
  <controlfield tag="001">19509407</controlfield>
  <controlfield tag="005">20200103121330.0</controlfield>
  <controlfield tag="008">170222s2015    ru            100 0 rus  </controlfield>
  <datafield tag="906" ind1=" " ind2=" ">
    <subfield code="a">7</subfield>
    <subfield code="b">cbc</subfield>
    <subfield code="c">orignew</subfield>
    <subfield code="d">3</subfield>
    <subfield code="e">ncip</subfield>
    <subfield code="f">20</subfield>
    <subfield code="g">y-nonroman</subfield>
  </datafield>
  <datafield tag="925" ind1="0" ind2=" ">
    <subfield code="a">acquire</subfield>
    <subfield code="b">1 shelf copy</subfield>
    <subfield code="x">policy default</subfield>
  </datafield>
  <datafield tag="955" ind1=" " ind2=" ">
    <subfield code="b">fe12 2017-02-22 to cat.</subfield>
    <subfield code="a">fe00 2017-02 -22 to GS/RUS</subfield>
    <subfield code="h">fe12 2019-05-06 to shelf</subfield>
  </datafield>
  <datafield tag="010" ind1=" " ind2=" ">
    <subfield code="a">  2016506642</subfield>
  </datafield>
  <datafield tag="020" ind1=" " ind2=" ">
    <subfield code="a">9785990648159</subfield>
  </datafield>
  <datafield tag="040" ind1=" " ind2=" ">
    <subfield code="a">DLC</subfield>
    <subfield code="b">eng</subfield>
    <subfield code="e">rda</subfield>
    <subfield code="c">DLC</subfield>
    <subfield code="d">DLC</subfield>
  </datafield>
  <datafield tag="043" ind1=" " ind2=" ">
    <subfield code="a">e-ru---</subfield>
  </datafield>
  <datafield tag="050" ind1="0" ind2="0">
    <subfield code="a">MLCM 2019/41960 (T)</subfield>
  </datafield>
  <datafield tag="066" ind1=" " ind2=" ">
    <subfield code="c">(N</subfield>
  </datafield>
  <datafield tag="111" ind1="2" ind2=" ">
    <subfield code="a">Otraslevai︠a︡ nauchno-tekhnicheskai︠a︡ konferent︠s︡ii︠a︡ &quot;Innovat︠s︡ionnye tekhnologii radioėlektoroniki--regionam Rossii&quot;</subfield>
    <subfield code="n">(13th :</subfield>
    <subfield code="d">2014 :</subfield>
    <subfield code="c">I︠A︡lta, Ukraine),</subfield>
    <subfield code="j">author.</subfield>
  </datafield>
  <datafield tag="245" ind1="1" ind2="0">
    <subfield code="6">880-01</subfield>
    <subfield code="a">Materialy XIII otraslevoĭ nauchno-tekhnicheskoĭ konferent︠s︡ii &quot;Innovat︠s︡ionnye tekhnologii radioėlektroniki--regionam Rossii&quot; :</subfield>
    <subfield code="b">2-3 okti︠a︡bri︠a︡ 2014 goda /</subfield>
    <subfield code="c">Otvetstvennye za vypusk: S.A. Muravʹev [and others].</subfield>
  </datafield>
  <datafield tag="880" ind1="1" ind2="0">
    <subfield code="6">245-01/(N</subfield>
    <subfield code="a">Материалы XIII отраслевой научно-технической конференции &quot;Инновационные технологии радиоэлектроники--регионам России&quot; :</subfield>
    <subfield code="b">2-3 октября 2014 года /</subfield>
    <subfield code="c">Ответственные за выпуск: С.А. Муравьев [and others].</subfield>
  </datafield>
  <datafield tag="264" ind1=" " ind2="1">
    <subfield code="6">880-02</subfield>
    <subfield code="a">Tambov :</subfield>
    <subfield code="b">OOO &quot;Tambovskiĭ poligraficheskiĭ soi︠u︡z&quot;,</subfield>
    <subfield code="c">2015.</subfield>
  </datafield>
  <datafield tag="880" ind1=" " ind2="1">
    <subfield code="6">264-02/(N</subfield>
    <subfield code="a">Тамбов :</subfield>
    <subfield code="b">ООО &quot;Тамбовский полиграфический союз&quot;,</subfield>
    <subfield code="c">2015.</subfield>
  </datafield>
  <datafield tag="300" ind1=" " ind2=" ">
    <subfield code="a">215 pages :</subfield>
    <subfield code="b">color illustrations (some color) ;</subfield>
    <subfield code="c">30 cm</subfield>
  </datafield>
  <datafield tag="336" ind1=" " ind2=" ">
    <subfield code="a">text</subfield>
    <subfield code="b">txt</subfield>
    <subfield code="2">rdacontent</subfield>
  </datafield>
  <datafield tag="337" ind1=" " ind2=" ">
    <subfield code="a">unmediated</subfield>
    <subfield code="b">n</subfield>
    <subfield code="2">rdamedia</subfield>
  </datafield>
  <datafield tag="338" ind1=" " ind2=" ">
    <subfield code="a">volume</subfield>
    <subfield code="b">nc</subfield>
    <subfield code="2">rdacarrier</subfield>
  </datafield>
  <datafield tag="650" ind1=" " ind2="0">
    <subfield code="a">Electronics</subfield>
    <subfield code="z">Russia (Federation)</subfield>
    <subfield code="v">Congresses.</subfield>
  </datafield>
  <datafield tag="700" ind1="1" ind2=" ">
    <subfield code="a">Muravʹev, S. A.</subfield>
    <subfield code="q">(Sergeĭ Alekseevich),</subfield>
    <subfield code="d">1946-</subfield>
    <subfield code="e">editor.</subfield>
  </datafield>
  <datafield tag="923" ind1=" " ind2=" ">
    <subfield code="d">exchange/gift</subfield>
  </datafield>
</record>