
<record>
  <leader>02355cam a22003977i 4500</leader>
  <controlfield tag="001">19529199</controlfield>
  <controlfield tag="005">20200103151102.0</controlfield>
  <controlfield tag="008">170227t20162016stka          001 0 eng  </controlfield>
  <datafield tag="906" ind1=" " ind2=" ">
    <subfield code="a">7</subfield>
    <subfield code="b">cbc</subfield>
    <subfield code="c">origcop</subfield>
    <subfield code="d">2</subfield>
    <subfield code="e">ncip</subfield>
    <subfield code="f">20</subfield>
    <subfield code="g">y-gencatlg</subfield>
  </datafield>
  <datafield tag="925" ind1="0" ind2=" ">
    <subfield code="a">acquire</subfield>
    <subfield code="b">1 shelf copy</subfield>
    <subfield code="x">policy default</subfield>
  </datafield>
  <datafield tag="955" ind1=" " ind2=" ">
    <subfield code="b">rl09 2017-02-27 z-processor</subfield>
    <subfield code="i">rl09 2017-02-27 ; to Dewey</subfield>
    <subfield code="w">xm08 2017-03-13 (telework)</subfield>
  </datafield>
  <datafield tag="010" ind1=" " ind2=" ">
    <subfield code="a">  2016499348</subfield>
  </datafield>
  <datafield tag="020" ind1=" " ind2=" ">
    <subfield code="a">9780702059216</subfield>
  </datafield>
  <datafield tag="020" ind1=" " ind2=" ">
    <subfield code="a">0702059218</subfield>
  </datafield>
  <datafield tag="040" ind1=" " ind2=" ">
    <subfield code="a">DLC</subfield>
    <subfield code="b">eng</subfield>
    <subfield code="e">rda</subfield>
    <subfield code="c">DLC</subfield>
    <subfield code="d">DLC</subfield>
  </datafield>
  <datafield tag="050" ind1="0" ind2="0">
    <subfield code="a">RZ342</subfield>
    <subfield code="b">.G53 2016</subfield>
  </datafield>
  <datafield tag="082" ind1="0" ind2="0">
    <subfield code="a">615.5/33</subfield>
    <subfield code="2">23</subfield>
  </datafield>
  <datafield tag="100" ind1="1" ind2=" ">
    <subfield code="a">Gibbons, Peter,</subfield>
    <subfield code="c">DO.</subfield>
  </datafield>
  <datafield tag="245" ind1="1" ind2="0">
    <subfield code="a">Manipulation of the spine, thorax and pelvis /</subfield>
    <subfield code="c">Peter Gibbons, MB, BS, DO, DM-SMed, MHSC, Adjunct Associate Professor, Department of Rehabilitation Sciences, College of Allied Health, Oklahoma University Health Science Center, USA, Philip Tehan, DO, DipPhysio MHSc, Adjunct Associate Professor, College of Health &amp; Biomedicine, Victoria University, Australia, Adjunct Associate Professor, Department of Rehabilitation Sciences, College of Allied Health, Oklahoma University Health Science Center, USA ; foreword by Timothy W. Flynn,   PT, PhD, OCS, FAAOMPT, Professor, School of Physical Therapy, South College, USA, Executive Team, Evidence in Motion, USA ; photographs by Tim Turner, Effie and Shane Coleman.</subfield>
  </datafield>
  <datafield tag="250" ind1=" " ind2=" ">
    <subfield code="a">Fourth edition.</subfield>
  </datafield>
  <datafield tag="264" ind1=" " ind2="1">
    <subfield code="a">Edinburgh ;</subfield>
    <subfield code="a">Philadelphia ;</subfield>
    <subfield code="b">Elsevier,</subfield>
    <subfield code="c">[2016]</subfield>
  </datafield>
  <datafield tag="264" ind1=" " ind2="4">
    <subfield code="c">©2016</subfield>
  </datafield>
  <datafield tag="300" ind1=" " ind2=" ">
    <subfield code="a">xiii, 315 pages :</subfield>
    <subfield code="b">illustrations ;</subfield>
    <subfield code="c">25 cm.</subfield>
  </datafield>
  <datafield tag="336" ind1=" " ind2=" ">
    <subfield code="a">text</subfield>
    <subfield code="b">txt</subfield>
    <subfield code="2">rdacontent</subfield>
  </datafield>
  <datafield tag="337" ind1=" " ind2=" ">
    <subfield code="a">unmediated</subfield>
    <subfield code="b">n</subfield>
    <subfield code="2">rdamedia</subfield>
  </datafield>
  <datafield tag="338" ind1=" " ind2=" ">
    <subfield code="a">volume</subfield>
    <subfield code="b">nc</subfield>
    <subfield code="2">rdacarrier</subfield>
  </datafield>
  <datafield tag="500" ind1=" " ind2=" ">
    <subfield code="a">&quot;Includes access to www.spinethoraxpelvis.com.&quot;</subfield>
  </datafield>
  <datafield tag="500" ind1=" " ind2=" ">
    <subfield code="a">Includes index.</subfield>
  </datafield>
  <datafield tag="505" ind1="0" ind2=" ">
    <subfield code="a">Osteopathic philosophy, practice and technique -- Kinematics and coupled motion of the spine -- Spinal positioning and locking -- Safety and HVLA thrust techniques -- Rationale for the use of HVLA thrust techniques -- Validation of clinical practice by research -- Cervical and cervicothoracic spine -- Thoracic spine and rib cage -- Lumbar and thoracolumbar spine -- Pelvis.</subfield>
  </datafield>
  <datafield tag="650" ind1=" " ind2="0">
    <subfield code="a">Osteopathic medicine.</subfield>
  </datafield>
  <datafield tag="650" ind1=" " ind2="0">
    <subfield code="a">Manipulation (Therapeutics)</subfield>
  </datafield>
  <datafield tag="650" ind1=" " ind2="0">
    <subfield code="a">Spinal adjustment.</subfield>
  </datafield>
  <datafield tag="650" ind1=" " ind2="0">
    <subfield code="a">Spine</subfield>
    <subfield code="x">Diseases</subfield>
    <subfield code="x">Treatment.</subfield>
  </datafield>
  <datafield tag="650" ind1=" " ind2="0">
    <subfield code="a">Chest</subfield>
    <subfield code="x">Diseases</subfield>
    <subfield code="x">Treatment.</subfield>
  </datafield>
  <datafield tag="650" ind1=" " ind2="0">
    <subfield code="a">Pelvis</subfield>
    <subfield code="x">Diseases</subfield>
    <subfield code="x">Treatment.</subfield>
  </datafield>
  <datafield tag="700" ind1="1" ind2=" ">
    <subfield code="a">Tehan, Philip.</subfield>
  </datafield>
</record>