
<record>
  <leader>03872cam a22003737i 4500</leader>
  <controlfield tag="001">19537497</controlfield>
  <controlfield tag="005">20200103151105.0</controlfield>
  <controlfield tag="008">170110s2016    be ab    b    000 0 fre  </controlfield>
  <datafield tag="906" ind1=" " ind2=" ">
    <subfield code="a">7</subfield>
    <subfield code="b">cbc</subfield>
    <subfield code="c">origres</subfield>
    <subfield code="d">3</subfield>
    <subfield code="e">ncip</subfield>
    <subfield code="f">20</subfield>
    <subfield code="g">y-gencatlg</subfield>
  </datafield>
  <datafield tag="925" ind1="0" ind2=" ">
    <subfield code="a">acquire</subfield>
    <subfield code="b">1 shelf copy</subfield>
    <subfield code="x">policy default</subfield>
  </datafield>
  <datafield tag="955" ind1=" " ind2=" ">
    <subfield code="b">bd25 2017-05-16</subfield>
    <subfield code="b">bc12 2018-09-19 z-processor (telework)</subfield>
    <subfield code="i">bc12 2018-11-21 (telework)</subfield>
    <subfield code="e">bc12 2018-11-27 to BCCD (ABACheck &amp; Labeled)</subfield>
  </datafield>
  <datafield tag="010" ind1=" " ind2=" ">
    <subfield code="a">  2017398086</subfield>
  </datafield>
  <datafield tag="020" ind1=" " ind2=" ">
    <subfield code="a">9782870379035</subfield>
    <subfield code="q">(hardback)</subfield>
  </datafield>
  <datafield tag="020" ind1=" " ind2=" ">
    <subfield code="a">287037903X</subfield>
  </datafield>
  <datafield tag="040" ind1=" " ind2=" ">
    <subfield code="a">DLC</subfield>
    <subfield code="b">eng</subfield>
    <subfield code="e">rda</subfield>
    <subfield code="c">DLC</subfield>
  </datafield>
  <datafield tag="043" ind1=" " ind2=" ">
    <subfield code="a">e-be---</subfield>
  </datafield>
  <datafield tag="050" ind1="0" ind2="0">
    <subfield code="a">LF4053.N3</subfield>
    <subfield code="b">A15 2016</subfield>
  </datafield>
  <datafield tag="245" ind1="0" ind2="0">
    <subfield code="a">50 ans d&apos;histoire universitaire à Namur :</subfield>
    <subfield code="b">des facultés universitaires Notre-Dame de la paix à l&apos;Université de Namur : 1965-2015 /</subfield>
    <subfield code="c">ouvrage édité par Charles Jaumotte, professeur émérite, René Noël, professeur émérite.</subfield>
  </datafield>
  <datafield tag="246" ind1="3" ind2=" ">
    <subfield code="a">Cinquante ans d&apos;histoire universitaire à Namur</subfield>
  </datafield>
  <datafield tag="264" ind1=" " ind2="1">
    <subfield code="a">Namur :</subfield>
    <subfield code="b">Presses universitaires de Namur,</subfield>
    <subfield code="c">[2016]</subfield>
  </datafield>
  <datafield tag="264" ind1=" " ind2="4">
    <subfield code="c">©2016</subfield>
  </datafield>
  <datafield tag="300" ind1=" " ind2=" ">
    <subfield code="a">412 pages :</subfield>
    <subfield code="b">illustrations (chiefly color), maps (chiefly color) ;</subfield>
    <subfield code="c">27 cm</subfield>
  </datafield>
  <datafield tag="336" ind1=" " ind2=" ">
    <subfield code="a">text</subfield>
    <subfield code="b">txt</subfield>
    <subfield code="2">rdacontent</subfield>
  </datafield>
  <datafield tag="337" ind1=" " ind2=" ">
    <subfield code="a">unmediated</subfield>
    <subfield code="b">n</subfield>
    <subfield code="2">rdamedia</subfield>
  </datafield>
  <datafield tag="338" ind1=" " ind2=" ">
    <subfield code="a">volume</subfield>
    <subfield code="b">nc</subfield>
    <subfield code="2">rdacarrier</subfield>
  </datafield>
  <datafield tag="504" ind1=" " ind2=" ">
    <subfield code="a">Includes bibliographical references.</subfield>
  </datafield>
  <datafield tag="505" ind1="0" ind2="0">
    <subfield code="g">Partie 1.</subfield>
    <subfield code="t">Les arcanes d&apos;une université en croissance rapide --</subfield>
    <subfield code="t">Les moyens financiers et leur gestion --</subfield>
    <subfield code="t">L&apos;administration générale --</subfield>
    <subfield code="t">Le développement du campus --</subfield>
    <subfield code="t">Le patrimoine --</subfield>
    <subfield code="g">Partie 2.</subfield>
    <subfield code="t">L&apos;essor des facultés et de leurs départements --</subfield>
    <subfield code="t">La faculté de philosophie et lettres --</subfield>
    <subfield code="t">La faculté de droit --</subfield>
    <subfield code="t">La faculté des sciences économiques, sociales et de gestion --</subfield>
    <subfield code="t">La faculté d&apos;informatique --</subfield>
    <subfield code="t">La faculté des sciences --</subfield>
    <subfield code="t">La faculté de médecine --</subfield>
    <subfield code="g">Partie 3.</subfield>
    <subfield code="t">L&apos;attention aux étudiants --</subfield>
    <subfield code="t">L&apos;évolution des mentalités chez les étudiants de l&apos;Unamur --</subfield>
    <subfield code="t">Le département éducation et technologie (DET) --</subfield>
    <subfield code="t">Le Centre médico-psychologique (CMP) : 30 ans d&apos;évolution --</subfield>
    <subfield code="t">L&apos;aumônerie de l&apos;Unamur --</subfield>
    <subfield code="t">La participation des étudiants --</subfield>
    <subfield code="t">Le secteur social estudiantin (SSE) --</subfield>
    <subfield code="g">Partie 4.</subfield>
    <subfield code="t">Les interfacultaires et les ASBL proches des missions de l&apos;université --</subfield>
    <subfield code="t">Les interfacultaires --</subfield>
    <subfield code="t">Les ASBL proches des FUNDP.</subfield>
  </datafield>
  <datafield tag="520" ind1=" " ind2=" ">
    <subfield code="a">&quot;Ce livre, écrit par deux acteurs et témoins privilégiés de la période (1965-2015), décrit une institution au développement constant et impressionnant : le nombre d&apos;étudiants, d&apos;enseignants, d&apos;employés, de bâtiments, de filières d&apos;enseignement, de recherches et de services à la société n&apos;a cessé de croître au fil de ces cinq décennies. Cette &quot;histoire des Facultés Notre-Dame de la Paix&quot; montre combien le monde universitaire namurois fut confronté de façon permanente à des défis passionnants et quelques fois épuisants : l&apos;interventionnisme politique grandissant, l&apos;emprise des nouvelles technologies sur tous les métiers, les carcans financiers, les nouvelles cultures étudiantes, la féminisation de l&apos;université, les projets de rapprochement entre institutions, le coût exorbitant de la recherche, le dictat des publications et des rankings, la question de l&apos;identité jésuite, l&apos;ancrage namurois... Comment tenir le cap, et quel cap tenir face à ces bouleversements à répétition ? Comment les acteurs de l&apos;université de Namur s&apos;en sont-ils sortis durant ces cinquante ans ? Cet ouvrage analyse avec pertinence et recul les choix, stratégies, innovations, échecs et succès de cette institution qu&apos;est devenue l&apos;Unamur.&quot;--Page 4 of cover.</subfield>
  </datafield>
  <datafield tag="610" ind1="2" ind2="0">
    <subfield code="a">Université de Namur</subfield>
    <subfield code="x">History</subfield>
    <subfield code="y">20th century.</subfield>
  </datafield>
  <datafield tag="650" ind1=" " ind2="0">
    <subfield code="a">Universities and colleges</subfield>
    <subfield code="z">Belgium</subfield>
    <subfield code="z">Namur</subfield>
    <subfield code="x">History</subfield>
    <subfield code="y">20th century.</subfield>
  </datafield>
  <datafield tag="700" ind1="1" ind2=" ">
    <subfield code="a">Jaumotte, Charles,</subfield>
    <subfield code="e">editor.</subfield>
  </datafield>
  <datafield tag="700" ind1="1" ind2=" ">
    <subfield code="a">Noël, Réné,</subfield>
    <subfield code="e">ditor.</subfield>
  </datafield>
  <datafield tag="923" ind1=" " ind2=" ">
    <subfield code="d">20170228</subfield>
    <subfield code="n">70005147</subfield>
    <subfield code="s">Erasmus</subfield>
  </datafield>
  <datafield tag="985" ind1=" " ind2=" ">
    <subfield code="e">VENDOR LOAD</subfield>
  </datafield>
</record>