
<record>
  <leader>03593cam a22005537i 4500</leader>
  <controlfield tag="001">19538243</controlfield>
  <controlfield tag="005">20200103151109.0</controlfield>
  <controlfield tag="008">170214s2016    fr abj   b    001 0 fre c</controlfield>
  <datafield tag="906" ind1=" " ind2=" ">
    <subfield code="a">7</subfield>
    <subfield code="b">cbc</subfield>
    <subfield code="c">pccadap</subfield>
    <subfield code="d">3</subfield>
    <subfield code="e">ncip</subfield>
    <subfield code="f">20</subfield>
    <subfield code="g">y-gencatlg</subfield>
  </datafield>
  <datafield tag="925" ind1="0" ind2=" ">
    <subfield code="a">acquire</subfield>
    <subfield code="b">1 shelf copy</subfield>
    <subfield code="x">policy default</subfield>
  </datafield>
  <datafield tag="955" ind1=" " ind2=" ">
    <subfield code="b">bd35 2018-07-17 z-processor</subfield>
    <subfield code="i">bc12 2018-09-17 (telework)</subfield>
    <subfield code="e">bc12 2018-10-09 to BCCD (ABACheck &amp; Labeled)</subfield>
  </datafield>
  <datafield tag="955" ind1=" " ind2=" ">
    <subfield code="b">bd22 2017-04-12</subfield>
  </datafield>
  <datafield tag="010" ind1=" " ind2=" ">
    <subfield code="a">  2016508461</subfield>
  </datafield>
  <datafield tag="020" ind1=" " ind2=" ">
    <subfield code="a">9782701804965</subfield>
    <subfield code="q">(pbk.)</subfield>
  </datafield>
  <datafield tag="020" ind1=" " ind2=" ">
    <subfield code="a">2701804965</subfield>
  </datafield>
  <datafield tag="035" ind1=" " ind2=" ">
    <subfield code="a">(OCoLC)ocn972547348</subfield>
  </datafield>
  <datafield tag="040" ind1=" " ind2=" ">
    <subfield code="a">AUXAM</subfield>
    <subfield code="b">eng</subfield>
    <subfield code="c">AUXAM</subfield>
    <subfield code="e">rda</subfield>
    <subfield code="d">UIU</subfield>
    <subfield code="d">OCLCO</subfield>
    <subfield code="d">OCLCF</subfield>
    <subfield code="d">NOC</subfield>
    <subfield code="d">CHVBK</subfield>
    <subfield code="d">OCLCO</subfield>
    <subfield code="d">YDX</subfield>
    <subfield code="d">DLC</subfield>
  </datafield>
  <datafield tag="043" ind1=" " ind2=" ">
    <subfield code="a">e------</subfield>
  </datafield>
  <datafield tag="050" ind1="0" ind2="0">
    <subfield code="a">DG311</subfield>
    <subfield code="b">.D479 2016</subfield>
  </datafield>
  <datafield tag="100" ind1="1" ind2=" ">
    <subfield code="a">Destephen, Sylvain,</subfield>
    <subfield code="e">author.</subfield>
  </datafield>
  <datafield tag="245" ind1="1" ind2="3">
    <subfield code="a">Le voyage impérial dans l&apos;Antiquité tardive :</subfield>
    <subfield code="b">des Balkans au Proche-Orient /</subfield>
    <subfield code="c">Sylvain Destephen.</subfield>
  </datafield>
  <datafield tag="264" ind1=" " ind2="1">
    <subfield code="a">Paris :</subfield>
    <subfield code="b">Éditions De Boccard,</subfield>
    <subfield code="c">2016.</subfield>
  </datafield>
  <datafield tag="300" ind1=" " ind2=" ">
    <subfield code="a">481 pages ;</subfield>
    <subfield code="b">illustrations, genealogical tables, maps ;</subfield>
    <subfield code="c">24 cm.</subfield>
  </datafield>
  <datafield tag="336" ind1=" " ind2=" ">
    <subfield code="a">text</subfield>
    <subfield code="b">txt</subfield>
    <subfield code="2">rdacontent</subfield>
  </datafield>
  <datafield tag="337" ind1=" " ind2=" ">
    <subfield code="a">unmediated</subfield>
    <subfield code="b">n</subfield>
    <subfield code="2">rdamedia</subfield>
  </datafield>
  <datafield tag="338" ind1=" " ind2=" ">
    <subfield code="a">volume</subfield>
    <subfield code="b">nc</subfield>
    <subfield code="2">rdacarrier</subfield>
  </datafield>
  <datafield tag="490" ind1="1" ind2=" ">
    <subfield code="a">De l&apos;archéologie à l&apos;histoire,</subfield>
    <subfield code="x">1157-3872 ;</subfield>
    <subfield code="v">67</subfield>
  </datafield>
  <datafield tag="504" ind1=" " ind2=" ">
    <subfield code="a">Includes bibliographical references (pages 399-455) and index.</subfield>
  </datafield>
  <datafield tag="505" ind1="0" ind2=" ">
    <subfield code="a">Introduction historiographique -- Rumeurs et lueurs -- L&apos;itinéraire. Les voyages vers Constantinople (330-378) ; La résidence à Constantinople (379-395) ; Les voyages depuis Constantinople (395-450) -- La suite. La famille ; Les familiers -- L&apos;escorte. Administrer ; Protéger -- Le train. L&apos;équipage ; L&apos;intendance -- Le dernier voyage.</subfield>
  </datafield>
  <datafield tag="520" ind1=" " ind2=" ">
    <subfield code="a">&quot;En 324, la fondation de Constantinople sur les rives du Bosphore modifie les voyages impériaux, désormais organisés autour de la nouvelle capitale. Point de départ ou de passage, Constantinople se transforme en lieu de pouvoir. La reconstitution des itinéraires du souverain et de son entourage permet de saisir l&apos;évolution de l&apos;Empire romain dans sa moitié orientale du IVe au Ve siècle, l&apos;État et la cour avançant d&apos;un même pas. Suivi de sa famille et de ses familiers, escorté par les hauts fonctionnaires et les officiers supérieurs, l&apos;empereur se déplace sans cesse. La présence de parents et de courtisans, d&apos;officiels et de soldats, montre que les voyages impériaux possèdent une dimension privée et publique, civile et militaire. L&apos;ampleur de la suite et de l&apos;escorte exige de vastes réquisitions pour fournir gîte et couvert, véhicules et attelages. Le système de cour, porté à sa perfection sous la dynastie théodosienne (379-450), circonscrit ensuite les voyages aux environs de Constantinople, devenue le cadre unique du faste impérial.&quot;--Page 4 of cover.</subfield>
  </datafield>
  <datafield tag="650" ind1=" " ind2="0">
    <subfield code="a">Emperors</subfield>
    <subfield code="x">Travel.</subfield>
  </datafield>
  <datafield tag="650" ind1=" " ind2="0">
    <subfield code="a">Rites and ceremonies</subfield>
    <subfield code="z">Byzantine Empire.</subfield>
  </datafield>
  <datafield tag="651" ind1=" " ind2="0">
    <subfield code="a">Rome</subfield>
    <subfield code="x">History</subfield>
    <subfield code="y">Empire, 284-476.</subfield>
  </datafield>
  <datafield tag="650" ind1=" " ind2="7">
    <subfield code="a">Emperors</subfield>
    <subfield code="x">Travel.</subfield>
    <subfield code="2">fast</subfield>
    <subfield code="0">(OCoLC)fst00908925</subfield>
  </datafield>
  <datafield tag="650" ind1=" " ind2="7">
    <subfield code="a">Rites and ceremonies.</subfield>
    <subfield code="2">fast</subfield>
    <subfield code="0">(OCoLC)fst01098216</subfield>
  </datafield>
  <datafield tag="651" ind1=" " ind2="7">
    <subfield code="a">Byzantine Empire.</subfield>
    <subfield code="2">fast</subfield>
    <subfield code="0">(OCoLC)fst01209292</subfield>
  </datafield>
  <datafield tag="651" ind1=" " ind2="7">
    <subfield code="a">Rome (Empire)</subfield>
    <subfield code="2">fast</subfield>
    <subfield code="0">(OCoLC)fst01204885</subfield>
  </datafield>
  <datafield tag="648" ind1=" " ind2="7">
    <subfield code="a">284-476</subfield>
    <subfield code="2">fast</subfield>
  </datafield>
  <datafield tag="655" ind1=" " ind2="7">
    <subfield code="a">History.</subfield>
    <subfield code="2">fast</subfield>
    <subfield code="0">(OCoLC)fst01411628</subfield>
  </datafield>
  <datafield tag="650" ind1=" " ind2="7">
    <subfield code="a">Kaiser</subfield>
    <subfield code="2">gnd</subfield>
  </datafield>
  <datafield tag="650" ind1=" " ind2="7">
    <subfield code="a">Reise</subfield>
    <subfield code="2">gnd</subfield>
  </datafield>
  <datafield tag="650" ind1=" " ind2="7">
    <subfield code="a">Spätantike</subfield>
    <subfield code="2">gnd</subfield>
  </datafield>
  <datafield tag="651" ind1=" " ind2="7">
    <subfield code="a">Byzantinisches Reich</subfield>
    <subfield code="2">gnd</subfield>
  </datafield>
  <datafield tag="651" ind1=" " ind2="7">
    <subfield code="a">Konstantinopel</subfield>
    <subfield code="2">gnd</subfield>
  </datafield>
  <datafield tag="650" ind1=" " ind2="7">
    <subfield code="a">Empereurs</subfield>
    <subfield code="z">Rome</subfield>
    <subfield code="x">Voyages</subfield>
    <subfield code="z">Empire byzantin.</subfield>
    <subfield code="2">ram</subfield>
  </datafield>
  <datafield tag="651" ind1=" " ind2="7">
    <subfield code="a">Rome</subfield>
    <subfield code="y">284-476 (Bas-Empire)</subfield>
    <subfield code="2">ram</subfield>
  </datafield>
  <datafield tag="830" ind1=" " ind2="0">
    <subfield code="a">De l&apos;archéologie à l&apos;histoire ;</subfield>
    <subfield code="v">67.</subfield>
  </datafield>
  <datafield tag="923" ind1=" " ind2=" ">
    <subfield code="d">20170224</subfield>
    <subfield code="n">578943</subfield>
    <subfield code="s">FR-PaAMA</subfield>
  </datafield>
  <datafield tag="985" ind1=" " ind2=" ">
    <subfield code="e">VENDOR LOAD</subfield>
  </datafield>
</record>