
<record>
  <leader>02528cam a22004937i 4500</leader>
  <controlfield tag="001">19542454</controlfield>
  <controlfield tag="005">20200103151110.0</controlfield>
  <controlfield tag="008">170307s2016    ch adk        000 0 chi  </controlfield>
  <datafield tag="906" ind1=" " ind2=" ">
    <subfield code="a">7</subfield>
    <subfield code="b">cbc</subfield>
    <subfield code="c">origres</subfield>
    <subfield code="d">3</subfield>
    <subfield code="e">ncip</subfield>
    <subfield code="f">20</subfield>
    <subfield code="g">y-nonroman</subfield>
  </datafield>
  <datafield tag="955" ind1=" " ind2=" ">
    <subfield code="b">cc16 2017-03-07 z-processor JACKPHY</subfield>
    <subfield code="i">cc01 2018-05-15 to Asian</subfield>
  </datafield>
  <datafield tag="010" ind1=" " ind2=" ">
    <subfield code="a">  2016515950</subfield>
  </datafield>
  <datafield tag="020" ind1=" " ind2=" ">
    <subfield code="a">9789862355190</subfield>
    <subfield code="q">(pbk.)</subfield>
  </datafield>
  <datafield tag="020" ind1=" " ind2=" ">
    <subfield code="a">9862355190</subfield>
    <subfield code="q">(pbk.)</subfield>
  </datafield>
  <datafield tag="040" ind1=" " ind2=" ">
    <subfield code="a">DLC</subfield>
    <subfield code="b">eng</subfield>
    <subfield code="e">rda</subfield>
    <subfield code="c">DLC</subfield>
  </datafield>
  <datafield tag="041" ind1="1" ind2=" ">
    <subfield code="a">chi</subfield>
    <subfield code="h">jpn</subfield>
  </datafield>
  <datafield tag="050" ind1="0" ind2="0">
    <subfield code="a">TS1105</subfield>
    <subfield code="b">.O34127 2016</subfield>
  </datafield>
  <datafield tag="066" ind1=" " ind2=" ">
    <subfield code="c">$1</subfield>
  </datafield>
  <datafield tag="110" ind1="2" ind2=" ">
    <subfield code="6">880-01</subfield>
    <subfield code="a">Ōji Seishi Kabushiki Kaisha,</subfield>
    <subfield code="e">author.</subfield>
  </datafield>
  <datafield tag="880" ind1="2" ind2=" ">
    <subfield code="6">110-01/$1</subfield>
    <subfield code="a">王子製子株式会社,</subfield>
    <subfield code="e">author.</subfield>
  </datafield>
  <datafield tag="240" ind1="1" ind2="0">
    <subfield code="6">880-02</subfield>
    <subfield code="a">Kami no chishiki 100.</subfield>
    <subfield code="l">Chinese</subfield>
  </datafield>
  <datafield tag="880" ind1="1" ind2="0">
    <subfield code="6">240-02/$1</subfield>
    <subfield code="a">紙 の 知識 100.</subfield>
    <subfield code="l">Chinese</subfield>
  </datafield>
  <datafield tag="245" ind1="1" ind2="0">
    <subfield code="6">880-03</subfield>
    <subfield code="a">Zhi de bai zhi shi =</subfield>
    <subfield code="b">Kami no chishiki 100 : fa ming, zhi zao, ying yong, zai sheng, 100 ge guan yu zhi de zhi shi kao /</subfield>
    <subfield code="c">Wang zi zhi zhi zhu ; Li Hanting yi.</subfield>
  </datafield>
  <datafield tag="880" ind1="1" ind2="0">
    <subfield code="6">245-03/$1</subfield>
    <subfield code="a">紙的百知識 =</subfield>
    <subfield code="b">紙 の 知識 100 : 發明、製造、應用、再生, 100 個關於紙的知識考 /</subfield>
    <subfield code="c">王子製紙著 ; 李漢庭譯.</subfield>
  </datafield>
  <datafield tag="246" ind1="3" ind2="0">
    <subfield code="6">880-04</subfield>
    <subfield code="a">Fa ming, zhi zao, ying yong, zai sheng, 100 ge guan yu zhi de zhi shi kao.</subfield>
  </datafield>
  <datafield tag="880" ind1="3" ind2="0">
    <subfield code="6">246-04/$1</subfield>
    <subfield code="a">發明、製造、應用、再生, 100 個關於紙的知識考</subfield>
  </datafield>
  <datafield tag="246" ind1="3" ind2="0">
    <subfield code="6">880-05</subfield>
    <subfield code="a">100 ge guan yu zhi de zhi shi kao</subfield>
  </datafield>
  <datafield tag="880" ind1="3" ind2="0">
    <subfield code="6">246-05/$1</subfield>
    <subfield code="a">100 個關於紙的知識考</subfield>
  </datafield>
  <datafield tag="250" ind1=" " ind2=" ">
    <subfield code="6">880-06</subfield>
    <subfield code="a">Yi ban.</subfield>
  </datafield>
  <datafield tag="880" ind1=" " ind2=" ">
    <subfield code="6">250-06/$1</subfield>
    <subfield code="a">一版.</subfield>
  </datafield>
  <datafield tag="264" ind1=" " ind2="1">
    <subfield code="6">880-07</subfield>
    <subfield code="a">[Taibei Shi] :</subfield>
    <subfield code="b">Lian pu ban,</subfield>
    <subfield code="c">2016.</subfield>
  </datafield>
  <datafield tag="880" ind1=" " ind2="1">
    <subfield code="6">264-07/$1</subfield>
    <subfield code="a">[臺北市] :</subfield>
    <subfield code="b">臉譜出版,</subfield>
    <subfield code="c">2016.</subfield>
  </datafield>
  <datafield tag="264" ind1=" " ind2="2">
    <subfield code="6">880-08</subfield>
    <subfield code="a">Taibei Shi :</subfield>
    <subfield code="b">Ying shu Gaiman Qundao shang jia ting chuan mei gu fen you xian gong si Cheng bang fen gong si,</subfield>
    <subfield code="c">2016.</subfield>
  </datafield>
  <datafield tag="880" ind1=" " ind2="2">
    <subfield code="6">264-08/$1</subfield>
    <subfield code="a">臺北市 :</subfield>
    <subfield code="b">英屬蓋曼群島商家庭傳媒股份有限公司城邦分公司,</subfield>
    <subfield code="c">2016.</subfield>
  </datafield>
  <datafield tag="300" ind1=" " ind2=" ">
    <subfield code="a">221 pages :</subfield>
    <subfield code="b">illustrations ;</subfield>
    <subfield code="c">21 cm.</subfield>
  </datafield>
  <datafield tag="490" ind1="0" ind2=" ">
    <subfield code="6">880-09</subfield>
    <subfield code="a">Yi shu cong shu ;</subfield>
    <subfield code="v">FI2018.</subfield>
  </datafield>
  <datafield tag="880" ind1="0" ind2=" ">
    <subfield code="6">490-09/$1</subfield>
    <subfield code="a">藝術叢書 ;</subfield>
    <subfield code="v">FI2018.</subfield>
  </datafield>
  <datafield tag="500" ind1=" " ind2=" ">
    <subfield code="a">Translation of: Kami no chishiki 100.</subfield>
  </datafield>
  <datafield tag="500" ind1=" " ind2=" ">
    <subfield code="a">&quot;Kami no chishiki 100 by Oji Paper Co., Ltd.&quot;--Title page verso.</subfield>
  </datafield>
  <datafield tag="880" ind1=" " ind2=" ">
    <subfield code="6">520-00/$1</subfield>
    <subfield code="a">本书介绍了关于纸的100个知识点, 包括纸的历史, 各式各样的纸, 纸的特征, 纸的原料与制法, 纸的原料木材, 纸的原料废纸, 永续用纸的努力等.</subfield>
  </datafield>
  <datafield tag="650" ind1=" " ind2="0">
    <subfield code="a">Paper.</subfield>
  </datafield>
  <datafield tag="650" ind1=" " ind2="0">
    <subfield code="a">Papermaking.</subfield>
  </datafield>
  <datafield tag="650" ind1=" " ind2="0">
    <subfield code="a">Paper industry</subfield>
    <subfield code="z">Japan.</subfield>
  </datafield>
  <datafield tag="700" ind1="1" ind2=" ">
    <subfield code="6">880-10</subfield>
    <subfield code="a">Li, Hanting,</subfield>
    <subfield code="d">1979-</subfield>
    <subfield code="e">translator.</subfield>
  </datafield>
  <datafield tag="880" ind1="1" ind2=" ">
    <subfield code="6">700-10/$1</subfield>
    <subfield code="a">李漢庭,</subfield>
    <subfield code="d">1979-</subfield>
    <subfield code="e">translator.</subfield>
  </datafield>
</record>