
<record>
  <leader>04048cam a22005417i 4500</leader>
  <controlfield tag="001">19545558</controlfield>
  <controlfield tag="005">20200103151112.0</controlfield>
  <controlfield tag="008">170309t20162016nyuabf   b    000 0beng c</controlfield>
  <datafield tag="906" ind1=" " ind2=" ">
    <subfield code="a">7</subfield>
    <subfield code="b">cbc</subfield>
    <subfield code="c">pccadap</subfield>
    <subfield code="d">2</subfield>
    <subfield code="e">ncip</subfield>
    <subfield code="f">20</subfield>
    <subfield code="g">y-gencatlg</subfield>
  </datafield>
  <datafield tag="925" ind1="0" ind2=" ">
    <subfield code="a">acquire</subfield>
    <subfield code="b">1 shelf copy</subfield>
    <subfield code="x">policy default</subfield>
  </datafield>
  <datafield tag="955" ind1=" " ind2=" ">
    <subfield code="b">rn02 2017-03-09 to LIT</subfield>
    <subfield code="b">xk25 2017-05-03 z-processor</subfield>
    <subfield code="i">xk02 2017-07-06 to CALM (OT)</subfield>
  </datafield>
  <datafield tag="010" ind1=" " ind2=" ">
    <subfield code="a">  2017303308</subfield>
  </datafield>
  <datafield tag="020" ind1=" " ind2=" ">
    <subfield code="a">9780062418982 (hardcover)</subfield>
  </datafield>
  <datafield tag="020" ind1=" " ind2=" ">
    <subfield code="a">006241898X (hardcover)</subfield>
  </datafield>
  <datafield tag="035" ind1=" " ind2=" ">
    <subfield code="a">(OCoLC)ocn922910332</subfield>
  </datafield>
  <datafield tag="040" ind1=" " ind2=" ">
    <subfield code="a">BTCTA</subfield>
    <subfield code="b">eng</subfield>
    <subfield code="c">BTCTA</subfield>
    <subfield code="e">rda</subfield>
    <subfield code="d">YDXCP</subfield>
    <subfield code="d">BDX</subfield>
    <subfield code="d">OCLCQ</subfield>
    <subfield code="d">ZQP</subfield>
    <subfield code="d">OCLCO</subfield>
    <subfield code="d">CPL</subfield>
    <subfield code="d">OCLCO</subfield>
    <subfield code="d">IK2</subfield>
    <subfield code="d">OCLCQ</subfield>
    <subfield code="d">OCP</subfield>
    <subfield code="d">VP@</subfield>
    <subfield code="d">IMD</subfield>
    <subfield code="d">OCLCO</subfield>
    <subfield code="d">UAB</subfield>
    <subfield code="d">GTA</subfield>
    <subfield code="d">COO</subfield>
    <subfield code="d">OCLCO</subfield>
    <subfield code="d">BUR</subfield>
    <subfield code="d">UBY</subfield>
    <subfield code="d">DEBBG</subfield>
    <subfield code="d">OCLCO</subfield>
    <subfield code="d">GL3</subfield>
    <subfield code="d">OCLCA</subfield>
    <subfield code="d">OCLCF</subfield>
    <subfield code="d">DLC</subfield>
  </datafield>
  <datafield tag="043" ind1=" " ind2=" ">
    <subfield code="a">n-us---</subfield>
  </datafield>
  <datafield tag="050" ind1="0" ind2="0">
    <subfield code="a">PS2386</subfield>
    <subfield code="b">.S495 2016</subfield>
  </datafield>
  <datafield tag="100" ind1="1" ind2=" ">
    <subfield code="a">Shelden, Michael,</subfield>
    <subfield code="e">author.</subfield>
  </datafield>
  <datafield tag="245" ind1="1" ind2="0">
    <subfield code="a">Melville in love :</subfield>
    <subfield code="b">the secret life of Herman Melville and the muse of Moby-Dick /</subfield>
    <subfield code="c">Michael Shelden.</subfield>
  </datafield>
  <datafield tag="250" ind1=" " ind2=" ">
    <subfield code="a">First edition.</subfield>
  </datafield>
  <datafield tag="264" ind1=" " ind2="1">
    <subfield code="a">New York :</subfield>
    <subfield code="b">Ecco, an imprint of HarperCollins Publishers,</subfield>
    <subfield code="c">[2016]</subfield>
  </datafield>
  <datafield tag="264" ind1=" " ind2="4">
    <subfield code="c">©2016</subfield>
  </datafield>
  <datafield tag="300" ind1=" " ind2=" ">
    <subfield code="a">271 pages, 8 unnumbered pages of plates :</subfield>
    <subfield code="b">illustrations, map ;</subfield>
    <subfield code="c">24 cm</subfield>
  </datafield>
  <datafield tag="336" ind1=" " ind2=" ">
    <subfield code="a">text</subfield>
    <subfield code="b">txt</subfield>
    <subfield code="2">rdacontent</subfield>
  </datafield>
  <datafield tag="337" ind1=" " ind2=" ">
    <subfield code="a">unmediated</subfield>
    <subfield code="b">n</subfield>
    <subfield code="2">rdamedia</subfield>
  </datafield>
  <datafield tag="338" ind1=" " ind2=" ">
    <subfield code="a">volume</subfield>
    <subfield code="b">nc</subfield>
    <subfield code="2">rdacarrier</subfield>
  </datafield>
  <datafield tag="504" ind1=" " ind2=" ">
    <subfield code="a">Includes bibliographical references (pages [251]-271).</subfield>
  </datafield>
  <datafield tag="505" ind1="0" ind2=" ">
    <subfield code="a">Pt. I, A sailor in the Berkshires -- Pt. II, Greylock&apos;s majesty -- Pt. III, The voyage out.</subfield>
  </datafield>
  <datafield tag="520" ind1=" " ind2=" ">
    <subfield code="a">Herman Melville&apos;s epic novel Moby-Dick was a spectacular failure when it was first published in 1851, effectively ending its author&apos;s rise to literary fame. He never recovered from the setback, and because he did not make much effort to preserve his legacy, we know very little about him, and even less about what he called his &quot;wicked book.&quot; Now, Pulitzer Prize finalist Michael Shelden sheds light on this literary mystery to tell the story of Melville&apos;s passionate, obsessive, and clandestine affair with a married woman named Sarah Morewood, whose libertine impulses encouraged and sustained Melville&apos;s own. In his research, Shelden discovered unexplored documents suggesting that, in their shared resistance to the &quot;iron rule&quot; of social conformity, Sarah and Melville had forged an illicit and enduring romantic and intellectual bond. Emboldened by the thrill of courting Sarah in secret, the pleasure of falling in love, and the excitement of spending time with literary luminaries like Dr. Oliver Wendell Holmes and Nathaniel Hawthorne, Melville found the courage to take the leap from light works of adventure to the hugely brilliant, utterly subversive Moby-Dick.--Adapted from dust jacket.</subfield>
  </datafield>
  <datafield tag="505" ind1="0" ind2=" ">
    <subfield code="a">Part I: A sailor in the Berkshires. A summer place ; &quot;Corset, skirts, or crinoline&quot; ; The judge&apos;s daughter ; The first step ; The young Turk ; The doctor&apos;s report ; The scarlet essay ; &quot;Holy influences&quot; -- Part II: Greylock&apos;s majesty. Leviathan ; Reveries ; Black quake ; The vortex ; The elusive neighbor ; To Greylock ; Lot&apos;s wife ; All for love ; Harvest ; Sons and lovers -- Part III: The voyage out. &quot;Steel, flint &amp; asbestos&quot; ; The countess ; Rough passage ; Aspects of the war ; Home front ; Letting go ; The hanging.</subfield>
  </datafield>
  <datafield tag="600" ind1="1" ind2="0">
    <subfield code="a">Melville, Herman,</subfield>
    <subfield code="d">1819-1891.</subfield>
  </datafield>
  <datafield tag="600" ind1="1" ind2="0">
    <subfield code="a">Melville, Herman,</subfield>
    <subfield code="d">1819-1891</subfield>
    <subfield code="x">Relations with women.</subfield>
  </datafield>
  <datafield tag="600" ind1="1" ind2="0">
    <subfield code="a">Morewood, Sarah Huyler,</subfield>
    <subfield code="d">1823-1863.</subfield>
  </datafield>
  <datafield tag="600" ind1="1" ind2="0">
    <subfield code="a">Melville, Herman,</subfield>
    <subfield code="d">1819-1891.</subfield>
    <subfield code="t">Moby Dick</subfield>
    <subfield code="x">Sources.</subfield>
  </datafield>
  <datafield tag="650" ind1=" " ind2="0">
    <subfield code="a">Novelists, American</subfield>
    <subfield code="y">19th century</subfield>
    <subfield code="v">Biography.</subfield>
  </datafield>
  <datafield tag="600" ind1="1" ind2="4">
    <subfield code="a">Melville, Herman / 1819-1891.</subfield>
  </datafield>
  <datafield tag="600" ind1="1" ind2="4">
    <subfield code="a">Melville, Herman / 1819-1891 / Relations with women.</subfield>
  </datafield>
  <datafield tag="600" ind1="1" ind2="4">
    <subfield code="a">Morewood, Sarah Huyler / 1823-1863.</subfield>
  </datafield>
  <datafield tag="600" ind1="1" ind2="4">
    <subfield code="a">Melville, Herman / 1819-1891 / Moby Dick / Sources.</subfield>
  </datafield>
  <datafield tag="650" ind1=" " ind2="4">
    <subfield code="a">Novelists, American / 19th century / Biography.</subfield>
  </datafield>
  <datafield tag="600" ind1="1" ind2="7">
    <subfield code="a">Melville, Herman</subfield>
    <subfield code="d">1819-1891</subfield>
    <subfield code="t">Moby Dick</subfield>
    <subfield code="2">gnd</subfield>
  </datafield>
  <datafield tag="600" ind1="1" ind2="7">
    <subfield code="a">Melville, Herman</subfield>
    <subfield code="d">1819-1891</subfield>
    <subfield code="2">gnd</subfield>
  </datafield>
  <datafield tag="650" ind1=" " ind2="7">
    <subfield code="a">Liebesbeziehung</subfield>
    <subfield code="2">gnd</subfield>
  </datafield>
  <datafield tag="650" ind1=" " ind2="7">
    <subfield code="a">Entstehung</subfield>
    <subfield code="2">gnd</subfield>
  </datafield>
  <datafield tag="655" ind1=" " ind2="7">
    <subfield code="a">Biografie.</subfield>
    <subfield code="2">gnd-content</subfield>
  </datafield>
  <datafield tag="655" ind1=" " ind2="7">
    <subfield code="a">Biographies.</subfield>
    <subfield code="2">gsafd</subfield>
  </datafield>
  <datafield tag="655" ind1=" " ind2="7">
    <subfield code="a">Biographies.</subfield>
    <subfield code="2">lcgft</subfield>
  </datafield>
</record>