
<record>
  <leader>01413cam a22002897i 4500</leader>
  <controlfield tag="001">19547386</controlfield>
  <controlfield tag="005">20200103121332.0</controlfield>
  <controlfield tag="008">170310s2015    xxua     b    000 0 rus  </controlfield>
  <datafield tag="906" ind1=" " ind2=" ">
    <subfield code="a">7</subfield>
    <subfield code="b">cbc</subfield>
    <subfield code="c">orignew</subfield>
    <subfield code="d">4</subfield>
    <subfield code="e">ncip</subfield>
    <subfield code="f">20</subfield>
    <subfield code="g">y-nonroman</subfield>
  </datafield>
  <datafield tag="925" ind1="0" ind2=" ">
    <subfield code="a">acquire</subfield>
    <subfield code="b">1 shelf copy</subfield>
    <subfield code="x">policy default</subfield>
  </datafield>
  <datafield tag="955" ind1=" " ind2=" ">
    <subfield code="a">cd15 2017-03-10 to ce08 for review;</subfield>
    <subfield code="a">ce08 2017-03-20 to cd15</subfield>
    <subfield code="h">cd15 2017-03-20 to BCCD</subfield>
  </datafield>
  <datafield tag="010" ind1=" " ind2=" ">
    <subfield code="a">  2016507862</subfield>
  </datafield>
  <datafield tag="040" ind1=" " ind2=" ">
    <subfield code="a">DLC</subfield>
    <subfield code="b">eng</subfield>
    <subfield code="e">rda</subfield>
    <subfield code="c">DLC</subfield>
  </datafield>
  <datafield tag="050" ind1="0" ind2="0">
    <subfield code="a">PG2950</subfield>
    <subfield code="b">.K75 2015</subfield>
  </datafield>
  <datafield tag="066" ind1=" " ind2=" ">
    <subfield code="c">(N</subfield>
  </datafield>
  <datafield tag="100" ind1="1" ind2=" ">
    <subfield code="6">880-01</subfield>
    <subfield code="a">Krichevskai︠a︡, Ėlla,</subfield>
    <subfield code="d">1933-2015,</subfield>
    <subfield code="e">author.</subfield>
  </datafield>
  <datafield tag="880" ind1="1" ind2=" ">
    <subfield code="6">100-01/(N</subfield>
    <subfield code="a">Кричевская, Элла,</subfield>
    <subfield code="d">1933-2015.</subfield>
  </datafield>
  <datafield tag="245" ind1="1" ind2="0">
    <subfield code="6">880-02</subfield>
    <subfield code="a">Ocherki o russkoĭ kulʹture :</subfield>
    <subfield code="b">(russkai︠a︡, sovetskai︠a︡ i postsovetskai︠a︡ literatura i iskusstvo) /</subfield>
    <subfield code="c">Ėlla Krichevskai︠a︡.</subfield>
  </datafield>
  <datafield tag="880" ind1="1" ind2="0">
    <subfield code="6">245-02/(N</subfield>
    <subfield code="a">Очерки о русской культуре :</subfield>
    <subfield code="b">(русская, советская и постсоветская литература и искусство) /</subfield>
    <subfield code="c">Элла Кричевская.</subfield>
  </datafield>
  <datafield tag="264" ind1=" " ind2="3">
    <subfield code="6">880-03</subfield>
    <subfield code="a">Minneapolis, MN :</subfield>
    <subfield code="b">Sir Speedy ,</subfield>
    <subfield code="c">2015.</subfield>
  </datafield>
  <datafield tag="880" ind1=" " ind2="3">
    <subfield code="6">264-03/(N</subfield>
    <subfield code="a">Миннеаполис, МН :</subfield>
    <subfield code="b">Sir Speedy ,</subfield>
    <subfield code="c">2015.</subfield>
  </datafield>
  <datafield tag="300" ind1=" " ind2=" ">
    <subfield code="a">390 pages :</subfield>
    <subfield code="b">illustrations ;</subfield>
    <subfield code="c">20 cm</subfield>
  </datafield>
  <datafield tag="336" ind1=" " ind2=" ">
    <subfield code="a">text</subfield>
    <subfield code="b">txt</subfield>
    <subfield code="2">rdacontent</subfield>
  </datafield>
  <datafield tag="337" ind1=" " ind2=" ">
    <subfield code="a">unmediated</subfield>
    <subfield code="b">n</subfield>
    <subfield code="2">rdamedia</subfield>
  </datafield>
  <datafield tag="338" ind1=" " ind2=" ">
    <subfield code="a">volume</subfield>
    <subfield code="b">nc</subfield>
    <subfield code="2">rdacarrier</subfield>
  </datafield>
  <datafield tag="504" ind1=" " ind2=" ">
    <subfield code="a">Bibliographic references included</subfield>
  </datafield>
  <datafield tag="650" ind1=" " ind2="0">
    <subfield code="a">Russian literature</subfield>
    <subfield code="x">History and criticism.</subfield>
  </datafield>
</record>